,name,code,now,closePrice,openPrice,volume,bid_volume,ask_volume,bid1,bid1_volume,bid2,bid2_volume,bid3,bid3_volume,bid4,bid4_volume,bid5,bid5_volume,ask1,ask1_volume,ask2,ask2_volume,ask3,ask3_volume,ask4,ask4_volume,ask5,ask5_volume,最近逐笔成交,datetime,涨跌,涨跌(%),highestPrice,lowestPrice,价格/成交量(手)/成交额,turnoverVol,turnoverValue,turnover,PE,unknown,high_2,low_2,振幅,流通市值,总市值,PB,涨停价,跌停价,quantityRatio,委差,均价,PE1,PE2,chgPct,turnoverRate,marketValue,negMarketValue
000001,上证指数,000001,3271.03,3259.86,3264.79,34987537000.0,17493768500,17493768500.0,0.0,0,0.0,0,0.0,0,0.0,0,0.0,0,0.0,0,0.0,0,0.0,0,0.0,0,0.0,0,,2022-03-23 15:59:10,11.17,0.34,3279.89,3251.98,3271.03/349875370/405422033502,34987537000,405422030000.0,0.84,12.58,,3279.89,3251.98,0.86,389339.32,494999.79,0.0,-1.0,-1.0,0.9,0.0,3265.86,,,0.0034000000000000002,0.0084,49499979000000.0,38933932000000.0
000002,Ａ股指数,000002,3428.37,3416.64,3421.82,34963715600.0,17481857800,17481857800.0,0.0,0,0.0,0,0.0,0,0.0,0,0.0,0,0.0,0,0.0,0,0.0,0,0.0,0,0.0,0,,2022-03-23 16:00:01,11.73,0.34,3437.67,3408.38,3428.37/349637156/405271736824,34963715600,405271740000.0,0.84,12.57,,3437.67,3408.38,0.86,389030.87,494248.53,0.0,-1.0,-1.0,0.9,0.0,3422.94,,,0.0034000000000000002,0.0084,49424853000000.0,38903087000000.0
000003,Ｂ股指数,000003,277.45,277.01,277.11,22685900.0,11343000,11343000.0,0.0,0,0.0,0,0.0,0,0.0,0,0.0,0,0.0,0,0.0,0,0.0,0,0.0,0,0.0,0,,2022-03-23 15:59:18,0.44,0.16,277.45,276.39,277.45/226859/97715454,22685900,97720000.0,0.15,13.77,,277.45,276.39,0.38,103.74,424.15,0.0,-1.0,-1.0,0.65,0.0,276.98,,,0.0016,0.0015,42415000000.0,10374000000.0
000004,工业指数,000004,3047.22,3027.52,3035.46,20697706600.0,10348853300,10348853300.0,0.0,0,0.0,0,0.0,0,0.0,0,0.0,0,0.0,0,0.0,0,0.0,0,0.0,0,0.0,0,,2022-03-23 16:00:03,19.7,0.65,3054.93,3022.06,3047.22/206977066/274104186986,20697706600,274104190000.0,1.18,22.08,,3054.93,3022.06,1.09,229502.63,275134.5,0.0,-1.0,-1.0,0.92,0.0,3040.8,,,0.006500000000000001,0.0118,27513450000000.0,22950263000000.0
000005,商业指数,000005,2664.66,2662.1,2658.76,2613261400.0,1306630700,1306630700.0,0.0,0,0.0,0,0.0,0,0.0,0,0.0,0,0.0,0,0.0,0,0.0,0,0.0,0,0.0,0,,2022-03-23 16:00:06,2.56,0.1,2675.97,2650.93,2664.66/26132614/25795332034,2613261400,25795330000.0,1.07,11.57,,2675.97,2650.93,0.94,21028.35,32116.26,0.0,-1.0,-1.0,0.94,0.0,2661.96,,,0.001,0.010700000000000001,3211626000000.0,2102834999999.9998
000006,地产指数,000006,6548.9,6428.43,6433.2,1434454600.0,717227300,717227300.0,0.0,0,0.0,0,0.0,0,0.0,0,0.0,0,0.0,0,0.0,0,0.0,0,0.0,0,0.0,0,,2022-03-23 15:59:09,120.47,1.87,6670.19,6348.13,6548.90/14344546/9849374369,1434454600,9849370000.0,1.56,6.26,,6670.19,6348.13,5.01,7205.89,7511.82,0.0,-1.0,-1.0,1.43,0.0,6482.0,,,0.0187,0.015600000000000001,751182000000.0,720589000000.0
000007,公用指数,000007,4413.49,4434.07,4431.15,3401004900.0,1700502500,1700502500.0,0.0,0,0.0,0,0.0,0,0.0,0,0.0,0,0.0,0,0.0,0,0.0,0,0.0,0,0.0,0,,2022-03-23 15:59:13,-20.58,-0.46,4437.41,4389.83,4413.49/34010049/20971612415,3401004900,20971610000.0,0.71,24.28,,4437.41,4389.83,1.07,24051.76,30402.74,0.0,-1.0,-1.0,0.8,0.0,4417.08,,,-0.0046,0.0070999999999999995,3040274000000.0,2405176000000.0
000008,综合指数,000008,2594.98,2600.17,2600.86,6841109500.0,3420554800,3420554800.0,0.0,0,0.0,0,0.0,0,0.0,0,0.0,0,0.0,0,0.0,0,0.0,0,0.0,0,0.0,0,,2022-03-23 15:59:05,-5.19,-0.2,2602.47,2579.05,2594.98/68411095/74701527696,6841109500,74701530000.0,0.43,6.92,,2602.47,2579.05,0.9,107550.69,149834.47,0.0,-1.0,-1.0,0.8,0.0,2593.9,,,-0.002,0.0043,14983447000000.0,10755069000000.0
000009,上证380,000009,5969.74,5932.61,5937.47,6418858900.0,3209429500,3209429500.0,0.0,0,0.0,0,0.0,0,0.0,0,0.0,0,0.0,0,0.0,0,0.0,0,0.0,0,0.0,0,,2022-03-23 16:00:01,37.13,0.63,5985.1,5920.18,5969.74/64188589/83525849092,6418858900,83525850000.0,1.0,14.82,,5985.1,5920.18,1.09,69474.57,85121.75,0.0,-1.0,-1.0,0.88,0.0,5955.13,,,0.0063,0.01,8512175000000.0,6947457000000.001
000010,上证180,000010,9049.48,9017.76,9037.13,8417912700.0,4208956400,4208956400.0,0.0,0,0.0,0,0.0,0,0.0,0,0.0,0,0.0,0,0.0,0,0.0,0,0.0,0,0.0,0,,2022-03-23 15:59:02,31.72,0.35,9080.94,8986.22,9049.48/84179127/136898407778,8417912700,136898410000.0,0.37,10.26,,9080.94,8986.22,1.05,244128.25,320764.75,0.0,-1.0,-1.0,0.75,0.0,9033.4,,,0.0034999999999999996,0.0037,32076475000000.0,24412825000000.0
000011,基金指数,000011,6877.33,6830.67,6854.55,44191826500.0,22095913300,22095913300.0,0.0,0,0.0,0,0.0,0,0.0,0,0.0,0,0.0,0,0.0,0,0.0,0,0.0,0,0.0,0,,2022-03-23 15:59:09,46.66,0.68,6893.0,6835.74,6877.33/441918265/74791139180,44191826500,74791140000.0,,,,6893.0,6835.74,0.84,,,0.0,-1.0,-1.0,0.96,0.0,6869.6,,,0.0068000000000000005,,,
000012,国债指数,000012,193.16,193.24,193.25,18540500.0,9270300,9270300.0,0.0,0,0.0,0,0.0,0,0.0,0,0.0,0,0.0,0,0.0,0,0.0,0,0.0,0,0.0,0,,2022-03-23 15:59:06,-0.08,-0.04,193.27,193.15,193.16/185405/182550805,18540500,182550000.0,,,,193.27,193.15,0.06,,,0.0,-1.0,-1.0,0.85,0.0,193.24,,,-0.0004,,,
000013,企债指数,000013,261.65,261.69,261.72,18112500.0,9056300,9056300.0,0.0,0,0.0,0,0.0,0,0.0,0,0.0,0,0.0,0,0.0,0,0.0,0,0.0,0,0.0,0,,2022-03-23 16:14:51,-0.04,-0.02,261.73,261.65,261.65/181125/1659833852,18112500,1659830000.0,,,,261.73,261.65,0.03,,,0.0,-1.0,-1.0,2.1,0.0,261.67,,,-0.0002,,,
000014,沙河股份,000014,9.75,9.67,9.59,11210400.0,6021900,5188500.0,9.74,11100,9.73,4000,9.72,100,9.69,84800,9.68,1000,9.75,34700,9.76,59800,9.77,33300,9.78,26600,9.79,15400,,2022-03-23 16:14:03,0.08,0.83,10.05,9.4,9.75/112104/108644206,11210400,108640000.0,5.56,-48.42,,10.05,9.4,6.72,19.67,19.67,2.28,10.64,8.7,1.19,-688.0,9.69,-47.34,449.59,0.0083,0.0556,1967000000.0000002,1967000000.0000002
000015,红利指数,000015,2890.21,2895.91,2888.56,2474356000.0,1237178000,1237178000.0,0.0,0,0.0,0,0.0,0,0.0,0,0.0,0,0.0,0,0.0,0,0.0,0,0.0,0,0.0,0,,2022-03-23 15:59:07,-5.7,-0.2,2901.99,2860.44,2890.21/24743560/21959854025,2474356000,21959850000.0,0.2,5.28,,2901.99,2860.44,1.43,60751.36,89764.59,0.0,-1.0,-1.0,0.83,0.0,2882.77,,,-0.002,0.002,8976459000000.0,6075136000000.0
000016,上证50,000016,2916.51,2900.77,2908.97,3004670000.0,1502335000,1502335000.0,0.0,0,0.0,0,0.0,0,0.0,0,0.0,0,0.0,0,0.0,0,0.0,0,0.0,0,0.0,0,,2022-03-23 16:00:00,15.74,0.54,2928.44,2890.49,2916.51/30046700/70411808376,3004670000,70411810000.0,0.24,10.3,,2928.44,2890.49,1.31,157074.92,187380.42,0.0,-1.0,-1.0,0.77,0.0,2909.71,,,0.0054,0.0024,18738042000000.0,15707492000000.002
000017,新综指,000017,2763.86,2754.41,2758.58,32768213200.0,16384106600,16384106600.0,0.0,0,0.0,0,0.0,0,0.0,0,0.0,0,0.0,0,0.0,0,0.0,0,0.0,0,0.0,0,,2022-03-23 15:59:17,9.45,0.34,2771.36,2747.74,2763.86/327682132/376974225324,32768213200,376974230000.0,0.84,12.58,,2771.36,2747.74,0.86,389235.58,494575.65,0.0,-1.0,-1.0,0.89,0.0,2759.5,,,0.0034000000000000002,0.0084,49457565000000.0,38923558000000.0
000018,180金融,000018,4620.7,4643.59,4639.2,2428261300.0,1214130700,1214130700.0,0.0,0,0.0,0,0.0,0,0.0,0,0.0,0,0.0,0,0.0,0,0.0,0,0.0,0,0.0,0,,2022-03-23 15:59:03,-22.89,-0.49,4639.2,4587.16,4620.70/24282613/25803570756,2428261300,25803570000.0,0.2,6.25,,4639.2,4587.16,1.12,82021.97,126979.15,0.0,-1.0,-1.0,0.65,0.0,4619.51,,,-0.0049,0.002,12697915000000.0,8202197000000.0
000019,治理指数,000019,1056.57,1057.99,1058.5,8879494100.0,4439747100,4439747100.0,0.0,0,0.0,0,0.0,0,0.0,0,0.0,0,0.0,0,0.0,0,0.0,0,0.0,0,0.0,0,,2022-03-23 16:00:06,-1.42,-0.13,1060.05,1049.63,1056.57/88794941/97431774820,8879494100,97431770000.0,0.44,8.64,,1060.05,1049.63,0.98,174261.0,225085.22,0.0,-1.0,-1.0,0.82,0.0,1055.99,,,-0.0013,0.0044,22508522000000.0,17426100000000.0
000020,中型综指,000020,1385.83,1374.92,1377.59,4854273500.0,2427136800,2427136800.0,0.0,0,0.0,0,0.0,0,0.0,0,0.0,0,0.0,0,0.0,0,0.0,0,0.0,0,0.0,0,,2022-03-23 16:00:00,10.91,0.79,1390.26,1372.64,1385.83/48542735/70660561735,4854273500,70660560000.0,2.08,45.68,,1390.26,1372.64,1.28,35063.49,47732.98,0.0,-1.0,-1.0,0.93,0.0,1382.54,,,0.0079,0.0208,4773298000000.0,3506349000000.0
000021,180治理,000021,951.68,954.13,954.64,5358010600.0,2679005300,2679005300.0,0.0,0,0.0,0,0.0,0,0.0,0,0.0,0,0.0,0,0.0,0,0.0,0,0.0,0,0.0,0,,2022-03-23 16:00:04,-2.45,-0.26,954.86,945.22,951.68/53580106/71241861862,5358010600,71241860000.0,0.33,8.09,,954.86,945.22,1.01,148262.86,195470.4,0.0,-1.0,-1.0,0.78,0.0,951.34,,,-0.0026,0.0033,19547040000000.0,14826285999999.998
000023,深天地Ａ,000023,11.86,12.03,12.06,406800.0,201100,205800.0,11.86,13900,11.85,16600,11.84,3100,11.83,1500,11.82,4300,11.91,1300,11.92,20800,11.93,700,11.94,8500,11.95,1100,,2022-03-23 16:14:03,-0.17,-1.41,12.15,11.84,11.86/4068/4857719,406800,4860000.0,0.29,-111.17,,12.15,11.84,2.58,16.46,16.46,3.63,13.23,10.83,0.57,70.0,11.94,-115.5,-206.89,-0.0141,0.0029,1646000000.0,1646000000.0
000024,招商地产,000024,0.0,0.0,0.0,0.0,0,0.0,0.0,0,0.0,0,0.0,0,0.0,0,0.0,0,0.0,0,0.0,0,0.0,0,0.0,0,0.0,0,,2022-03-23 09:00:00,0.0,0.0,0.0,0.0,0.00/0/0,0,0.0,0.0,0.0,D,0.0,0.0,0.0,0.0,0.0,0.0,-1.0,-1.0,0.0,0.0,0.0,0.0,0.0,0.0,0.0,0.0,0.0
000025,180基建,000025,1671.12,1668.68,1675.23,1949353800.0,974676900,974676900.0,0.0,0,0.0,0,0.0,0,0.0,0,0.0,0,0.0,0,0.0,0,0.0,0,0.0,0,0.0,0,,2022-03-23 15:59:06,2.44,0.15,1679.37,1658.13,1671.12/19493538/11704704175,1949353800,11704700000.0,0.78,12.11,,1679.37,1658.13,1.27,18550.47,26665.95,0.0,-1.0,-1.0,0.91,0.0,1671.33,,,0.0015,0.0078000000000000005,2666595000000.0,1855047000000.0
000026,180资源,000026,3417.1,3440.77,3441.68,967008700.0,483504400,483504400.0,0.0,0,0.0,0,0.0,0,0.0,0,0.0,0,0.0,0,0.0,0,0.0,0,0.0,0,0.0,0,,2022-03-23 15:59:07,-23.67,-0.69,3442.28,3387.16,3417.10/9670087/11324115971,967008700,11324120000.0,0.27,12.31,,3442.28,3387.16,1.6,28436.55,33244.07,0.0,-1.0,-1.0,0.68,0.0,3415.03,,,-0.0069,0.0027,3324407000000.0,2843655000000.0
000027,180运输,000027,868.42,880.94,874.95,260457300.0,130228700,130228700.0,0.0,0,0.0,0,0.0,0,0.0,0,0.0,0,0.0,0,0.0,0,0.0,0,0.0,0,0.0,0,,2022-03-23 15:59:08,-12.52,-1.42,877.12,859.12,868.42/2604573/3100597999,260457300,3100600000.0,0.43,12.36,,877.12,859.12,2.04,5550.31,8442.25,0.0,-1.0,-1.0,0.6,0.0,866.51,,,-0.014199999999999999,0.0043,844225000000.0,555031000000.0
000028,180成长,000028,4372.53,4322.68,4342.82,1760380500.0,880190300,880190300.0,0.0,0,0.0,0,0.0,0,0.0,0,0.0,0,0.0,0,0.0,0,0.0,0,0.0,0,0.0,0,,2022-03-23 15:59:13,49.85,1.15,4388.09,4312.69,4372.53/17603805/56749522741,1760380500,56749520000.0,0.81,19.74,,4388.09,4312.69,1.74,86221.2,96903.79,0.0,-1.0,-1.0,0.91,0.0,4359.83,,,0.0115,0.008100000000000001,9690379000000.0,8622120000000.0
000029,180价值,000029,3735.52,3749.54,3748.92,4702531300.0,2351265700,2351265700.0,0.0,0,0.0,0,0.0,0,0.0,0,0.0,0,0.0,0,0.0,0,0.0,0,0.0,0,0.0,0,,2022-03-23 15:59:19,-14.02,-0.37,3750.15,3703.22,3735.52/47025313/46788435515,4702531300,46788440000.0,0.26,6.61,,3750.15,3703.22,1.25,126536.0,177153.25,0.0,-1.0,-1.0,0.8,0.0,3732.3,,,-0.0037,0.0026,17715325000000.0,12653600000000.0
000030,180R成长,000030,2653.66,2630.38,2642.05,4804097200.0,2402048600,2402048600.0,0.0,0,0.0,0,0.0,0,0.0,0,0.0,0,0.0,0,0.0,0,0.0,0,0.0,0,0.0,0,,2022-03-23 16:00:01,23.28,0.89,2664.32,2624.24,2653.66/48040972/99386495857,4804097200,99386500000.0,0.86,22.54,,2664.32,2624.24,1.52,128945.47,156302.76,0.0,-1.0,-1.0,0.78,0.0,2647.17,,,0.0089,0.0086,15630276000000.0,12894547000000.0
000031,180R价值,000031,2746.31,2756.45,2756.2,7746247900.0,3873124000,3873124000.0,0.0,0,0.0,0,0.0,0,0.0,0,0.0,0,0.0,0,0.0,0,0.0,0,0.0,0,0.0,0,,2022-03-23 15:59:14,-10.14,-0.37,2756.41,2726.32,2746.31/77462479/89425408631,7746247900,89425410000.0,0.36,8.2,,2756.41,2726.32,1.09,169260.26,236552.22,0.0,-1.0,-1.0,0.76,0.0,2745.21,,,-0.0037,0.0036,23655222000000.0,16926026000000.0
000032,上证能源,000032,1642.7,1653.62,1645.27,1567805200.0,783902600,783902600.0,0.0,0,0.0,0,0.0,0,0.0,0,0.0,0,0.0,0,0.0,0,0.0,0,0.0,0,0.0,0,,2022-03-23 16:00:00,-10.92,-0.66,1655.52,1616.92,1642.70/15678052/11646341103,1567805200,11646340000.0,0.4,10.15,,1655.52,1616.92,2.33,25638.33,30460.66,0.0,-1.0,-1.0,0.73,0.0,1638.95,,,-0.0066,0.004,3046066000000.0,2563833000000.0
000033,上证材料,000033,2668.62,2667.61,2668.34,2154441400.0,1077220700,1077220700.0,0.0,0,0.0,0,0.0,0,0.0,0,0.0,0,0.0,0,0.0,0,0.0,0,0.0,0,0.0,0,,2022-03-23 15:59:17,1.01,0.04,2678.19,2653.08,2668.62/21544414/23985221161,2154441400,23985220000.0,0.9,13.4,,2678.19,2653.08,0.94,27942.17,32537.87,0.0,-1.0,-1.0,0.71,0.0,2665.58,,,0.0004,0.009000000000000001,3253787000000.0,2794217000000.0
000034,上证工业,000034,2700.27,2687.22,2699.31,2529586500.0,1264793300,1264793300.0,0.0,0,0.0,0,0.0,0,0.0,0,0.0,0,0.0,0,0.0,0,0.0,0,0.0,0,0.0,0,,2022-03-23 15:59:11,13.05,0.49,2712.43,2676.61,2700.27/25295865/33781182503,2529586500,33781180000.0,0.66,15.34,,2712.43,2676.61,1.33,42610.25,51093.32,0.0,-1.0,-1.0,0.87,0.0,2699.26,,,0.0049,0.0066,5109332000000.0,4261025000000.0
000035,上证可选,000035,2966.77,2967.81,2975.97,604299700.0,302149900,302149900.0,0.0,0,0.0,0,0.0,0,0.0,0,0.0,0,0.0,0,0.0,0,0.0,0,0.0,0,0.0,0,,2022-03-23 15:59:15,-1.04,-0.04,2988.48,2951.67,2966.77/6042997/11266293875,604299700,11266290000.0,0.59,21.91,,2988.48,2951.67,1.24,20172.53,24923.67,0.0,-1.0,-1.0,0.83,0.0,2968.06,,,-0.0004,0.0059,2492367000000.0,2017253000000.0
000036,上证消费,000036,15148.55,15032.25,15090.86,249378400.0,124689200,124689200.0,0.0,0,0.0,0,0.0,0,0.0,0,0.0,0,0.0,0,0.0,0,0.0,0,0.0,0,0.0,0,,2022-03-23 15:59:18,116.3,0.77,15215.26,14980.74,15148.55/2493784/18431459332,249378400,18431460000.0,0.74,41.55,,15215.26,14980.74,1.56,38107.83,39705.15,0.0,-1.0,-1.0,0.75,0.0,15115.36,,,0.0077,0.0074,3970515000000.0,3810783000000.0
000037,上证医药,000037,7916.86,7766.88,7775.95,677416200.0,338708100,338708100.0,0.0,0,0.0,0,0.0,0,0.0,0,0.0,0,0.0,0,0.0,0,0.0,0,0.0,0,0.0,0,,2022-03-23 15:59:16,149.98,1.93,7993.71,7718.96,7916.86/6774162/29724956815,677416200,29724960000.0,1.67,33.94,,7993.71,7718.96,3.54,17732.76,23011.48,0.0,-1.0,-1.0,0.91,0.0,7871.6,,,0.019299999999999998,0.0167,2301148000000.0,1773275999999.9998
000038,上证金融,000038,4530.53,4556.02,4551.81,1971375700.0,985687900,985687900.0,0.0,0,0.0,0,0.0,0,0.0,0,0.0,0,0.0,0,0.0,0,0.0,0,0.0,0,0.0,0,,2022-03-23 15:59:09,-25.49,-0.56,4551.81,4495.84,4530.53/19713757/21483657511,1971375700,21483660000.0,0.16,6.09,,4551.81,4495.84,1.23,77702.15,107707.15,0.0,-1.0,-1.0,0.71,0.0,4528.57,,,-0.005600000000000001,0.0016,10770715000000.0,7770214999999.999
000039,上证信息,000039,3825.94,3823.61,3833.38,418591700.0,209295900,209295900.0,0.0,0,0.0,0,0.0,0,0.0,0,0.0,0,0.0,0,0.0,0,0.0,0,0.0,0,0.0,0,,2022-03-23 16:00:02,2.33,0.06,3840.13,3794.31,3825.94/4185917/17902943432,418591700,17902940000.0,0.64,35.37,,3840.13,3794.31,1.2,20046.92,28876.76,0.0,-1.0,-1.0,0.78,0.0,3819.71,,,0.0006,0.0064,2887676000000.0,2004691999999.9998
000040,上证电信,000040,2912.31,2879.98,2887.29,509453500.0,254726800,254726800.0,0.0,0,0.0,0,0.0,0,0.0,0,0.0,0,0.0,0,0.0,0,0.0,0,0.0,0,0.0,0,,2022-03-23 15:59:12,32.33,1.12,2927.44,2882.47,2912.31/5094535/6116986492,509453500,6116990000.0,0.7,19.71,,2927.44,2882.47,1.56,5749.22,10439.63,0.0,-1.0,-1.0,0.78,0.0,2911.04,,,0.011200000000000002,0.006999999999999999,1043962999999.9999,574922000000.0
000042,上证央企,000042,1507.2,1505.78,1507.34,3981030500.0,1990515300,1990515300.0,0.0,0,0.0,0,0.0,0,0.0,0,0.0,0,0.0,0,0.0,0,0.0,0,0.0,0,0.0,0,,2022-03-23 16:00:07,1.42,0.09,1513.29,1495.68,1507.20/39810305/34217605069,3981030500,34217610000.0,0.24,7.31,,1513.29,1495.68,1.17,107261.91,158436.92,0.0,-1.0,-1.0,0.73,0.0,1504.88,,,0.0009,0.0024,15843692000000.002,10726191000000.0
000043,超大盘,000043,2273.05,2261.97,2266.92,1648794000.0,824397000,824397000.0,0.0,0,0.0,0,0.0,0,0.0,0,0.0,0,0.0,0,0.0,0,0.0,0,0.0,0,0.0,0,,2022-03-23 15:59:18,11.08,0.49,2281.58,2254.51,2273.05/16487940/42727686754,1648794000,42727690000.0,0.38,10.77,,2281.58,2254.51,1.2,85620.24,99903.34,0.0,-1.0,-1.0,0.93,0.0,2269.4,,,0.0049,0.0038,9990334000000.0,8562024000000.001
000045,上证小盘,000045,4907.75,4880.07,4883.54,8249686600.0,4124843300,4124843300.0,0.0,0,0.0,0,0.0,0,0.0,0,0.0,0,0.0,0,0.0,0,0.0,0,0.0,0,0.0,0,,2022-03-23 15:59:11,27.68,0.57,4922.31,4871.0,4907.75/82496866/90899140744,8249686600,90899140000.0,1.0,16.24,,4922.31,4871.0,1.05,72779.98,87107.85,0.0,-1.0,-1.0,0.84,0.0,4897.55,,,0.005699999999999999,0.01,8710785000000.001,7277998000000.0
000046,上证中小,000046,4390.26,4377.56,4381.48,13662929300.0,6831464700,6831464700.0,0.0,0,0.0,0,0.0,0,0.0,0,0.0,0,0.0,0,0.0,0,0.0,0,0.0,0,0.0,0,,2022-03-23 15:59:05,12.7,0.29,4405.17,4365.88,4390.26/136629293/157385740146,13662929300,157385740000.0,0.74,11.95,,4405.17,4365.88,0.9,159833.31,220492.18,0.0,-1.0,-1.0,0.8,0.0,4384.7,,,0.0029,0.0074,22049218000000.0,15983331000000.0
000047,上证全指,000047,3554.78,3540.4,3546.71,16667599300.0,8333799700,8333799700.0,0.0,0,0.0,0,0.0,0,0.0,0,0.0,0,0.0,0,0.0,0,0.0,0,0.0,0,0.0,0,,2022-03-23 15:59:14,14.38,0.41,3565.33,3529.62,3554.78/166675993/227797548522,16667599300,227797550000.0,0.54,11.13,,3565.33,3529.62,1.01,316908.23,407872.6,0.0,-1.0,-1.0,0.79,0.0,3547.98,,,0.0040999999999999995,0.0054,40787260000000.0,31690823000000.0
000048,责任指数,000048,1408.07,1409.59,1409.89,4230912800.0,2115456400,2115456400.0,0.0,0,0.0,0,0.0,0,0.0,0,0.0,0,0.0,0,0.0,0,0.0,0,0.0,0,0.0,0,,2022-03-23 15:59:09,-1.52,-0.11,1413.46,1396.64,1408.07/42309128/60588272153,4230912800,60588270000.0,0.69,9.8,,1413.46,1396.64,1.19,90048.85,110068.66,0.0,-1.0,-1.0,0.95,0.0,1406.67,,,-0.0011,0.0069,11006866000000.0,9004885000000.0
000049,上证民企,000049,2269.21,2267.32,2279.52,1265578800.0,632789400,632789400.0,0.0,0,0.0,0,0.0,0,0.0,0,0.0,0,0.0,0,0.0,0,0.0,0,0.0,0,0.0,0,,2022-03-23 15:59:03,1.89,0.08,2288.45,2256.48,2269.21/12655788/41327410717,1265578800,41327410000.0,0.79,24.48,,2288.45,2256.48,1.41,45324.65,52250.34,0.0,-1.0,-1.0,0.71,0.0,2273.21,,,0.0008,0.0079,5225034000000.0,4532465000000.0
000050,50等权,000050,2259.52,2259.03,2263.09,3004670000.0,1502335000,1502335000.0,0.0,0,0.0,0,0.0,0,0.0,0,0.0,0,0.0,0,0.0,0,0.0,0,0.0,0,0.0,0,,2022-03-23 15:59:04,0.49,0.02,2266.71,2244.97,2259.52/30046700/70411808376,3004670000,70411810000.0,0.24,10.3,,2266.71,2244.97,0.96,157074.92,187380.42,0.0,-1.0,-1.0,0.77,0.0,2257.72,,,0.0002,0.0024,18738042000000.0,15707492000000.002
000055,上证地企,000055,1385.02,1385.09,1386.06,2040995400.0,1020497700,1020497700.0,0.0,0,0.0,0,0.0,0,0.0,0,0.0,0,0.0,0,0.0,0,0.0,0,0.0,0,0.0,0,,2022-03-23 15:59:06,-0.07,-0.01,1390.35,1375.43,1385.02/20409954/40133182038,2040995400,40133180000.0,0.65,14.03,,1390.35,1375.43,1.08,68566.3,77019.31,0.0,-1.0,-1.0,0.74,0.0,1383.4,,,-0.0001,0.006500000000000001,7701931000000.0,6856630000000.0
000056,上证国企,000056,1131.71,1130.08,1131.25,6022026000.0,3011013000,3011013000.0,0.0,0,0.0,0,0.0,0,0.0,0,0.0,0,0.0,0,0.0,0,0.0,0,0.0,0,0.0,0,,2022-03-23 16:00:05,1.63,0.14,1136.29,1123.24,1131.71/60220260/74350787107,6022026000,74350790000.0,0.31,8.67,,1136.29,1123.24,1.15,175828.2,235456.23,0.0,-1.0,-1.0,0.73,0.0,1129.85,,,0.0014000000000000002,0.0031,23545623000000.0,17582820000000.002
000058,全指价值,000058,3918.63,3930.49,3929.33,8359461900.0,4179731000,4179731000.0,0.0,0,0.0,0,0.0,0,0.0,0,0.0,0,0.0,0,0.0,0,0.0,0,0.0,0,0.0,0,,2022-03-23 16:00:00,-11.86,-0.3,3933.23,3884.8,3918.63/83594619/77423651515,8359461900,77423650000.0,0.37,6.76,,3933.23,3884.8,1.23,152241.58,204010.14,0.0,-1.0,-1.0,0.82,0.0,3915.16,,,-0.003,0.0037,20401014000000.0,15224157999999.998
000059,全R成长,000059,3480.51,3445.83,3458.39,9950779400.0,4975389700,4975389700.0,0.0,0,0.0,0,0.0,0,0.0,0,0.0,0,0.0,0,0.0,0,0.0,0,0.0,0,0.0,0,,2022-03-23 15:59:16,34.68,1.01,3492.37,3437.93,3480.51/99507794/164301422228,9950779400,164301420000.0,0.98,22.34,,3492.37,3437.93,1.58,185951.99,229496.35,0.0,-1.0,-1.0,0.81,0.0,3469.64,,,0.0101,0.0098,22949635000000.0,18595199000000.0
000060,全R价值,000060,3583.63,3590.82,3590.47,14889068500.0,7444534300,7444534300.0,0.0,0,0.0,0,0.0,0,0.0,0,0.0,0,0.0,0,0.0,0,0.0,0,0.0,0,0.0,0,,2022-03-23 15:59:08,-7.19,-0.2,3595.62,3558.03,3583.63/148890685/155468583672,14889068500,155468580000.0,0.52,9.01,,3595.62,3558.03,1.05,219235.62,297240.89,0.0,-1.0,-1.0,0.81,0.0,3581.22,,,-0.002,0.0052,29724089000000.0,21923562000000.0
000061,沪企债30,000061,163.71,163.66,163.68,100000.0,50000,50000.0,0.0,0,0.0,0,0.0,0,0.0,0,0.0,0,0.0,0,0.0,0,0.0,0,0.0,0,0.0,0,,2022-03-23 16:00:07,0.05,0.03,163.71,163.68,163.71/1000/1016500,100000,1020000.0,,,,163.71,163.68,0.02,,,0.0,-1.0,-1.0,0.22,0.0,163.71,,,0.0003,,,
000062,上证沪企,000062,1842.63,1852.09,1852.09,1517924200.0,758962100,758962100.0,0.0,0,0.0,0,0.0,0,0.0,0,0.0,0,0.0,0,0.0,0,0.0,0,0.0,0,0.0,0,,2022-03-23 16:00:01,-9.46,-0.51,1853.21,1831.83,1842.63/15179242/25371011985,1517924200,25371010000.0,0.53,11.17,,1853.21,1831.83,1.15,30223.46,39492.63,0.0,-1.0,-1.0,0.89,0.0,1844.07,,,-0.0051,0.0053,3949262999999.9995,3022346000000.0
000063,上证周期,000063,3079.36,3097.1,3095.75,3680042400.0,1840021200,1840021200.0,0.0,0,0.0,0,0.0,0,0.0,0,0.0,0,0.0,0,0.0,0,0.0,0,0.0,0,0.0,0,,2022-03-23 15:59:08,-17.74,-0.57,3095.75,3054.6,3079.36/36800424/39568061910,3680042400,39568060000.0,0.23,6.87,,3095.75,3054.6,1.33,111714.5,163035.8,0.0,-1.0,-1.0,0.67,0.0,3077.71,,,-0.005699999999999999,0.0023,16303579999999.998,11171450000000.0
000065,上证龙头,000065,3423.03,3417.7,3418.27,4977881900.0,2488941000,2488941000.0,0.0,0,0.0,0,0.0,0,0.0,0,0.0,0,0.0,0,0.0,0,0.0,0,0.0,0,0.0,0,,2022-03-23 16:00:06,5.33,0.16,3431.66,3400.33,3423.03/49778819/85186503740,4977881900,85186500000.0,0.34,10.92,,3431.66,3400.33,0.92,171176.96,206411.53,0.0,-1.0,-1.0,0.79,0.0,3417.14,,,0.0016,0.0034000000000000002,20641153000000.0,17117696000000.0
000066,上证商品,000066,2800.25,2811.83,2803.55,2838548800.0,1419274400,1419274400.0,0.0,0,0.0,0,0.0,0,0.0,0,0.0,0,0.0,0,0.0,0,0.0,0,0.0,0,0.0,0,,2022-03-23 15:59:07,-11.58,-0.41,2813.05,2776.28,2800.25/28385488/28495756899,2838548800,28495760000.0,0.53,11.72,,2813.05,2776.28,1.31,43517.39,50984.73,0.0,-1.0,-1.0,0.69,0.0,2797.0,,,-0.0040999999999999995,0.0053,5098473000000.0,4351739000000.0
000068,上证资源,000068,2740.7,2756.04,2746.39,2466137700.0,1233068900,1233068900.0,0.0,0,0.0,0,0.0,0,0.0,0,0.0,0,0.0,0,0.0,0,0.0,0,0.0,0,0.0,0,,2022-03-23 15:59:05,-15.34,-0.56,2753.13,2716.11,2740.70/24661377/24283885514,2466137700,24283890000.0,0.51,12.92,,2753.13,2716.11,1.34,38916.16,45312.52,0.0,-1.0,-1.0,0.69,0.0,2736.71,,,-0.005600000000000001,0.0051,4531252000000.0,3891616000000.0005
000069,消费80,000069,6105.79,6031.69,6051.23,1231172300.0,615586200,615586200.0,0.0,0,0.0,0,0.0,0,0.0,0,0.0,0,0.0,0,0.0,0,0.0,0,0.0,0,0.0,0,,2022-03-23 15:59:12,74.1,1.23,6142.8,6014.69,6105.79/12311723/54081387345,1231172300,54081390000.0,0.98,33.26,,6142.8,6014.69,2.12,69705.13,79194.38,0.0,-1.0,-1.0,0.82,0.0,6081.25,,,0.0123,0.0098,7919438000000.0,6970513000000.0
000070,能源等权,000070,2614.71,2626.35,2608.56,1567805200.0,783902600,783902600.0,0.0,0,0.0,0,0.0,0,0.0,0,0.0,0,0.0,0,0.0,0,0.0,0,0.0,0,0.0,0,,2022-03-23 15:59:15,-11.64,-0.44,2633.56,2571.7,2614.71/15678052/11646341103,1567805200,11646340000.0,0.4,10.15,,2633.56,2571.7,2.36,25638.33,30460.66,0.0,-1.0,-1.0,0.73,0.0,2608.6,,,-0.0044,0.004,3046066000000.0,2563833000000.0
000078,电信等权,000078,2239.04,2213.38,2215.85,509453500.0,254726800,254726800.0,0.0,0,0.0,0,0.0,0,0.0,0,0.0,0,0.0,0,0.0,0,0.0,0,0.0,0,0.0,0,,2022-03-23 15:59:15,25.66,1.16,2246.55,2210.61,2239.04/5094535/6116986492,509453500,6116990000.0,0.7,19.71,,2246.55,2210.61,1.62,5749.22,10439.63,0.0,-1.0,-1.0,0.78,0.0,2234.63,,,0.0116,0.006999999999999999,1043962999999.9999,574922000000.0
000088,盐 田 港,000088,5.03,5.06,5.06,5841600.0,2110100,3731500.0,5.03,24500,5.02,421900,5.01,183600,5.0,316800,4.99,93300,5.04,222400,5.05,254400,5.06,272100,5.07,30000,5.08,35400,,2022-03-23 16:14:03,-0.03,-0.59,5.06,5.02,5.03/58416/29394414,5841600,29390000.0,0.26,23.93,,5.06,5.02,0.79,113.13,113.13,1.26,5.57,4.55,0.59,2258.0,5.03,23.93,23.93,-0.0059,0.0026,11313000000.0,11313000000.0
000089,深圳机场,000089,7.0,7.04,7.04,8082400.0,3158300,4924100.0,7.0,319600,6.99,107700,6.98,69500,6.97,147600,6.96,165000,7.01,54700,7.02,1000,7.03,26000,7.04,112500,7.05,93100,,2022-03-23 16:14:03,-0.04,-0.57,7.07,6.95,7.00/80824/56634746,8082400,56630000.0,0.39,141.17,,7.07,6.95,1.7,143.55,143.55,1.2,7.74,6.34,0.44,5221.0,7.01,893.72,511.37,-0.005699999999999999,0.0039000000000000003,14355000000.000002,14355000000.000002
000090,上证流通,000090,1271.54,1266.05,1268.3,32768213200.0,16384106600,16384106600.0,0.0,0,0.0,0,0.0,0,0.0,0,0.0,0,0.0,0,0.0,0,0.0,0,0.0,0,0.0,0,,2022-03-23 15:59:09,5.49,0.43,1275.17,1262.95,1271.54/327682132/376974225324,32768213200,376974230000.0,0.84,12.58,,1275.17,1262.95,0.96,389235.58,494575.65,0.0,-1.0,-1.0,0.89,0.0,1269.22,,,0.0043,0.0084,49457565000000.0,38923558000000.0
000096,上证下游,000096,5031.75,4968.67,4980.25,3180144000.0,1590072000,1590072000.0,0.0,0,0.0,0,0.0,0,0.0,0,0.0,0,0.0,0,0.0,0,0.0,0,0.0,0,0.0,0,,2022-03-23 16:00:02,63.08,1.27,5046.76,4954.43,5031.75/31801440/79851883808,3180144000,79851880000.0,0.77,32.29,,5046.76,4954.43,1.86,92293.35,110722.64,0.0,-1.0,-1.0,0.78,0.0,5006.4,,,0.0127,0.0077,11072264000000.0,9229335000000.0
000099,上证F300,000099,7911.03,7877.68,7884.71,7748318400.0,3874159200,3874159200.0,0.0,0,0.0,0,0.0,0,0.0,0,0.0,0,0.0,0,0.0,0,0.0,0,0.0,0,0.0,0,,2022-03-23 15:59:05,33.35,0.42,7938.24,7867.16,7911.03/77483184/92183986915,7748318400,92183990000.0,1.31,22.84,,7938.24,7867.16,0.9,75140.03,84825.4,0.0,-1.0,-1.0,0.9,0.0,7905.0,,,0.0042,0.0131,8482539999999.999,7514003000000.0
000100,上证F500,000100,5047.86,5049.02,5049.18,18464850800.0,9232425400,9232425400.0,0.0,0,0.0,0,0.0,0,0.0,0,0.0,0,0.0,0,0.0,0,0.0,0,0.0,0,0.0,0,,2022-03-23 16:00:06,-1.16,-0.02,5067.66,5004.5,5047.86/184648508/209766959812,18464850800,209766960000.0,0.57,10.43,,5067.66,5004.5,1.25,306414.63,381457.92,0.0,-1.0,-1.0,0.85,0.0,5040.12,,,-0.0002,0.005699999999999999,38145792000000.0,30641463000000.0
000150,380红利,000150,10272.03,10289.92,10258.68,827081200.0,413540600,413540600.0,0.0,0,0.0,0,0.0,0,0.0,0,0.0,0,0.0,0,0.0,0,0.0,0,0.0,0,0.0,0,,2022-03-23 15:59:19,-17.89,-0.17,10327.63,10134.81,10272.03/8270812/6784726186,827081200,6784730000.0,0.72,9.58,,10327.63,10134.81,1.87,8649.95,9863.73,0.0,-1.0,-1.0,0.84,0.0,10247.23,,,-0.0017000000000000001,0.0072,986373000000.0,864995000000.0001
000151,上国红利,000151,1298.78,1302.53,1299.71,1528029500.0,764014800,764014800.0,0.0,0,0.0,0,0.0,0,0.0,0,0.0,0,0.0,0,0.0,0,0.0,0,0.0,0,0.0,0,,2022-03-23 16:00:00,-3.75,-0.29,1305.6,1283.0,1298.78/15280295/9706612111,1528029500,9706610000.0,0.13,5.18,,1305.6,1283.0,1.73,50813.54,79042.02,0.0,-1.0,-1.0,0.68,0.0,1295.03,,,-0.0029,0.0013,7904202000000.0,5081354000000.0
000153,上民红利,000153,2896.06,2885.01,2879.14,728654000.0,364327000,364327000.0,0.0,0,0.0,0,0.0,0,0.0,0,0.0,0,0.0,0,0.0,0,0.0,0,0.0,0,0.0,0,,2022-03-23 15:59:12,11.05,0.38,2901.73,2867.44,2896.06/7286540/6156920778,728654000,6156920000.0,1.16,8.74,,2901.73,2867.44,1.19,5380.18,5688.18,0.0,-1.0,-1.0,1.07,0.0,2884.71,,,0.0038,0.0116,568818000000.0,538018000000.0
000155,市值百强,000155,2975.37,2964.16,2970.43,5837764100.0,2918882100,2918882100.0,0.0,0,0.0,0,0.0,0,0.0,0,0.0,0,0.0,0,0.0,0,0.0,0,0.0,0,0.0,0,,2022-03-23 16:00:00,11.21,0.38,2986.14,2952.11,2975.37/58377641/97640756414,5837764100,97640760000.0,0.31,9.47,,2986.14,2952.11,1.15,202409.35,268892.6,0.0,-1.0,-1.0,0.74,0.0,2968.75,,,0.0038,0.0031,26889259999999.996,20240935000000.0
000156,华数传媒,000156,8.05,8.05,8.05,6532700.0,2919000,3613700.0,8.04,63500,8.03,52200,8.02,43300,8.01,47200,8.0,48700,8.05,37800,8.06,66000,8.07,56500,8.08,37000,8.09,45000,,2022-03-23 16:14:03,0.0,0.0,8.11,7.97,8.05/65327/52611167,6532700,52610000.0,0.42,15.96,,8.11,7.97,1.74,125.99,149.16,1.08,8.86,7.25,0.64,126.0,8.05,17.48,17.68,0.0,0.0042,14916000000.0,12599000000.0
000157,中联重科,000157,6.76,6.73,6.74,23071100.0,11206700,11864400.0,6.76,116900,6.75,222400,6.74,228800,6.73,207200,6.72,209400,6.77,481000,6.78,486900,6.79,664100,6.8,908300,6.81,149700,,2022-03-23 16:14:03,0.03,0.45,6.77,6.7,6.76/230711/155686701,23071100,155690000.0,0.33,7.99,,6.77,6.7,1.04,477.67,586.63,1.04,7.4,6.06,0.59,-17053.0,6.75,7.65,8.06,0.0045000000000000005,0.0033,58663000000.0,47767000000.0
000158,上证环保,000158,2191.06,2173.45,2193.41,1156849900.0,578425000,578425000.0,0.0,0,0.0,0,0.0,0,0.0,0,0.0,0,0.0,0,0.0,0,0.0,0,0.0,0,0.0,0,,2022-03-23 15:59:15,17.61,0.81,2216.13,2179.55,2191.06/11568499/21018882125,1156849900,21018880000.0,0.83,27.39,,2216.13,2179.55,1.68,25277.64,28742.37,0.0,-1.0,-1.0,0.86,0.0,2198.24,,,0.008100000000000001,0.0083,2874237000000.0,2527764000000.0
000159,沪股通,000159,3335.51,3321.92,3327.86,15798134300.0,7899067200,7899067200.0,0.0,0,0.0,0,0.0,0,0.0,0,0.0,0,0.0,0,0.0,0,0.0,0,0.0,0,0.0,0,,2022-03-23 15:59:06,13.59,0.41,3345.16,3311.85,3335.51/157981343/227391816026,15798134300,227391820000.0,0.52,11.12,,3345.16,3311.85,1.0,319186.74,416616.05,0.0,-1.0,-1.0,0.81,0.0,3329.12,,,0.0040999999999999995,0.0052,41661605000000.0,31918674000000.0
000166,申万宏源,000166,4.35,4.36,4.35,37662500.0,16188500,21474000.0,4.34,1507100,4.33,1853000,4.32,1680200,4.31,981300,4.3,789300,4.35,456000,4.36,1440000,4.37,1483300,4.38,1149200,4.39,1078000,,2022-03-23 16:14:03,-0.01,-0.23,4.37,4.33,4.35/376625/163836585,37662500,163840000.0,0.17,12.6,,4.37,4.33,0.92,980.29,1089.24,1.17,4.8,3.92,0.45,12044.0,4.35,11.03,14.03,-0.0023,0.0017000000000000001,108924000000.0,98029000000.0
000301,东方盛虹,000301,15.18,15.25,15.29,15650500.0,7004200,8646400.0,15.18,57000,15.17,64200,15.16,58100,15.15,79800,15.14,501300,15.19,22300,15.2,39800,15.21,64100,15.22,26000,15.23,25700,,2022-03-23 16:14:03,-0.07,-0.46,15.38,15.11,15.18/156505/238093627,15650500,238090000.0,0.76,19.96,,15.38,15.11,1.77,313.73,902.68,2.95,16.78,13.73,0.46,5825.0,15.21,19.96,19.96,-0.0046,0.0076,90268000000.0,31373000000.0
000333,美的集团,000333,58.0,58.58,58.73,24373700.0,12034700,12339000.0,58.0,123400,57.99,51800,57.98,44100,57.97,10600,57.96,27200,58.01,1300,58.02,4500,58.03,1100,58.04,300,58.05,4300,,2022-03-23 16:14:03,-0.58,-0.99,58.86,57.93,58.00/243737/1418165963,24373700,1418170000.0,0.36,14.16,,58.86,57.93,1.59,3966.45,4057.24,3.42,64.44,52.72,0.63,2456.0,58.18,12.97,14.9,-0.009899999999999999,0.0036,405724000000.0,396645000000.0
000338,潍柴动力,000338,14.16,13.75,14.3,107188700.0,48396600,58792100.0,14.15,192800,14.14,211400,14.13,281100,14.12,290000,14.11,100600,14.16,355500,14.17,97600,14.18,199600,14.19,148500,14.2,679500,,2022-03-23 16:14:03,0.41,2.98,14.57,14.07,14.16/1071887/1530231192,107188700,1530230000.0,2.13,12.35,,14.57,14.07,3.64,713.33,1235.68,1.76,15.13,12.38,1.73,-4048.0,14.28,11.73,13.42,0.0298,0.0213,123568000000.0,71333000000.0
000400,许继电气,000400,19.67,18.55,18.86,57542400.0,31910000,25632400.0,19.66,61100,19.65,37200,19.64,10500,19.63,24500,19.62,12300,19.67,18900,19.68,273300,19.69,97200,19.7,153600,19.71,13600,,2022-03-23 16:14:03,1.12,6.04,20.2,18.78,19.67/575424/1124746932,57542400,1124750000.0,5.71,25.32,,20.2,18.78,7.65,198.33,198.34,2.14,20.41,16.7,1.65,-4110.0,19.55,25.69,27.7,0.0604,0.0571,19834000000.0,19833000000.0
000401,冀东水泥,000401,11.51,11.56,11.57,12021500.0,5272200,6749300.0,11.51,96200,11.5,45600,11.49,43200,11.48,41400,11.47,31900,11.52,42800,11.53,60100,11.54,18100,11.55,33100,11.56,35000,,2022-03-23 16:14:03,-0.05,-0.43,11.64,11.41,11.51/120215/138123060,12021500,138120000.0,0.85,10.89,,11.64,11.41,1.99,162.68,305.96,0.91,12.72,10.4,0.59,692.0,11.49,10.89,10.89,-0.0043,0.0085,30595999999.999996,16268000000.0
000402,金 融 街,000402,5.8,5.65,5.6,37034100.0,21666300,15367900.0,5.79,62500,5.78,153100,5.77,46100,5.76,40100,5.75,114500,5.8,27200,5.81,514900,5.82,575600,5.83,540500,5.84,340800,,2022-03-23 16:14:03,0.15,2.65,5.85,5.56,5.80/370341/211906737,37034100,211910000.0,1.24,6.41,,5.85,5.56,5.13,173.29,173.36,0.47,6.22,5.09,2.08,-15827.0,5.72,11.67,6.94,0.0265,0.0124,17336000000.0,17329000000.0
000403,派林生物,000403,22.62,22.72,22.84,2695500.0,1260600,1434900.0,22.62,2700,22.61,8700,22.6,2300,22.58,400,22.56,1100,22.63,2100,22.64,200,22.65,5300,22.67,8600,22.68,5200,,2022-03-23 16:14:03,-0.1,-0.44,22.84,22.2,22.62/26955/60547058,2695500,60550000.0,0.45,42.94,,22.84,22.2,2.82,136.34,165.79,2.66,24.99,20.45,0.73,-62.0,22.46,40.91,89.15,-0.0044,0.0045000000000000005,16579000000.0,13634000000.0
000404,长虹华意,000404,4.58,4.62,4.58,7747500.0,3932200,3815300.0,4.57,140500,4.56,67700,4.55,126400,4.54,25100,4.53,58000,4.58,67900,4.59,27900,4.6,17600,4.61,33400,4.62,88800,,2022-03-23 16:14:03,-0.04,-0.87,4.65,4.57,4.58/77475/35601994,7747500,35600000.0,1.12,23.36,,4.65,4.57,1.73,31.82,31.88,0.95,5.08,4.16,0.7,1821.0,4.6,24.73,27.47,-0.0087,0.011200000000000002,3188000000.0,3182000000.0
000405,ST鑫光,000405,0.0,0.0,0.0,0.0,0,0.0,0.0,0,0.0,0,0.0,0,0.0,0,0.0,0,0.0,0,0.0,0,0.0,0,0.0,0,0.0,0,,2022-03-23 09:00:00,0.0,0.0,0.0,0.0,0.00/0/0,0,0.0,0.0,0.0,D,0.0,0.0,0.0,0.0,0.0,-0.0,-1.0,-1.0,0.0,0.0,0.0,0.0,0.0,0.0,0.0,0.0,0.0
000406,大明退市,000406,0.0,0.0,0.0,0.0,0,0.0,0.0,0,0.0,0,0.0,0,0.0,0,0.0,0,0.0,0,0.0,0,0.0,0,0.0,0,0.0,0,,2022-03-23 09:00:00,0.0,0.0,0.0,0.0,0.00/0/0,0,0.0,0.0,0.0,D,0.0,0.0,0.0,0.0,0.0,0.0,-1.0,-1.0,0.0,0.0,0.0,0.0,0.0,0.0,0.0,0.0,0.0
000407,胜利股份,000407,3.94,3.96,3.97,11391300.0,4502400,6888900.0,3.93,253000,3.92,354800,3.91,119400,3.9,228100,3.89,136900,3.94,165100,3.95,104300,3.96,116700,3.97,107800,3.98,184900,,2022-03-23 16:14:03,-0.02,-0.51,4.0,3.92,3.94/113913/45074614,11391300,45070000.0,1.3,31.51,,4.0,3.92,2.02,34.5,34.68,1.33,4.36,3.56,0.67,4134.0,3.96,31.51,31.51,-0.0051,0.013000000000000001,3468000000.0,3450000000.0
000408,藏格矿业,000408,32.09,32.65,32.76,12614100.0,5520000,7094200.0,32.08,4000,32.07,2300,32.06,6400,32.05,14800,32.04,4000,32.09,19500,32.1,23600,32.11,2600,32.12,1000,32.14,3400,,2022-03-23 16:14:03,-0.56,-1.72,32.95,31.92,32.09/126141/407595491,12614100,407600000.0,0.83,35.53,,32.95,31.92,3.15,489.5,507.16,6.69,35.92,29.39,0.83,-186.0,32.31,35.53,35.53,-0.0172,0.0083,50716000000.0,48950000000.0
000409,云鼎科技,000409,6.59,6.69,6.63,11011300.0,4773400,6237900.0,6.59,20000,6.58,117500,6.57,33700,6.56,37900,6.55,149100,6.6,215100,6.61,101100,6.62,22700,6.63,8700,6.64,16800,,2022-03-23 16:14:03,-0.1,-1.49,6.7,6.53,6.59/110113/72488243,11011300,72490000.0,2.71,58.27,,6.7,6.53,2.54,26.73,33.67,6.54,7.36,6.02,0.72,-62.0,6.58,174.96,45.59,-0.0149,0.0271,3367000000.0,2673000000.0
000410,ST沈机,000410,4.95,4.9,4.88,2910400.0,1599100,1311300.0,4.94,24400,4.93,18500,4.92,56400,4.91,58800,4.9,92400,4.95,23900,4.96,78700,4.97,68000,4.98,169000,4.99,94900,,2022-03-23 16:14:03,0.05,1.02,4.99,4.86,4.95/29104/14389232,2910400,14390000.0,0.17,-17.6,,4.99,4.86,2.65,83.21,83.36,109.76,5.15,4.66,0.95,-1840.0,4.94,-21.63,-11.53,0.0102,0.0017000000000000001,8336000000.0,8320999999.999999
000411,英特集团,000411,14.08,14.25,14.37,5541900.0,2599800,2942000.0,14.08,7300,14.06,11500,14.05,400,14.04,14000,14.03,700,14.09,1600,14.11,9600,14.12,24100,14.13,21300,14.14,2100,,2022-03-23 16:14:03,-0.17,-1.19,14.42,13.99,14.08/55419/78201539,5541900,78200000.0,2.67,20.27,,14.42,13.99,3.02,29.21,35.96,1.98,15.68,12.83,0.61,-248.0,14.11,19.88,22.94,-0.011899999999999999,0.026699999999999998,3596000000.0,2921000000.0
000412,ST五环,000412,0.0,0.0,0.0,0.0,0,0.0,0.0,0,0.0,0,0.0,0,0.0,0,0.0,0,0.0,0,0.0,0,0.0,0,0.0,0,0.0,0,,2022-03-23 09:00:00,0.0,0.0,0.0,0.0,0.00/0/0,0,0.0,0.0,-0.0,D,0.0,0.0,0.0,0.0,0.0,-0.0,-1.0,-1.0,0.0,0.0,0.0,-0.0,-0.0,0.0,0.0,0.0,0.0
000413,东旭光电,000413,2.0,2.0,2.01,22371000.0,8755800,13615200.0,1.99,2375500,1.98,1554900,1.97,826500,1.96,495900,1.95,296600,2.0,1268000,2.01,2203900,2.02,3184100,2.03,1795900,2.04,1287500,,2022-03-23 16:14:03,0.0,0.0,2.02,1.99,2.00/223710/44753619,22371000,44750000.0,0.46,-3.13,,2.02,1.99,1.5,97.28,114.61,0.44,2.2,1.8,0.68,-41900.0,2.0,-5.84,-3.37,0.0,0.0046,11461000000.0,9728000000.0
000415,渤海租赁,000415,2.32,2.31,2.31,17162300.0,8198500,8963800.0,2.31,60600,2.3,627800,2.29,524000,2.28,891300,2.27,691200,2.32,629700,2.33,939800,2.34,611400,2.35,486200,2.36,438400,,2022-03-23 16:14:03,0.01,0.43,2.33,2.28,2.32/171623/39550751,17162300,39550000.0,0.48,-2.93,,2.33,2.28,2.16,82.3,143.48,0.53,2.54,2.08,0.69,-3106.0,2.3,-31.28,-1.86,0.0043,0.0048,14347999999.999998,8230000000.0
000416,民生控股,000416,3.91,3.94,3.94,8788200.0,4214400,4573900.0,3.91,24800,3.9,31200,3.89,53400,3.88,72200,3.87,60800,3.92,5000,3.93,24100,3.94,230400,3.95,146500,3.96,71100,,2022-03-23 16:14:03,-0.03,-0.76,3.95,3.88,3.91/87882/34427350,8788200,34430000.0,1.65,129.38,,3.95,3.88,1.78,20.79,20.8,2.33,4.33,3.55,0.73,-2347.0,3.92,223.75,59.38,-0.0076,0.0165,2080000000.0,2079000000.0
000417,合肥百货,000417,4.38,4.42,4.41,4222400.0,1995100,2227400.0,4.38,172700,4.37,105100,4.36,60700,4.35,128900,4.34,21500,4.39,168600,4.4,50100,4.41,15400,4.42,384100,4.43,65100,,2022-03-23 16:14:03,-0.04,-0.9,4.44,4.35,4.38/42224/18517914,4222400,18520000.0,0.54,20.25,,4.44,4.35,2.04,34.12,34.16,0.82,4.86,3.98,0.59,-1944.0,4.39,16.19,24.92,-0.009000000000000001,0.0054,3415999999.9999995,3411999999.9999995
000418,小天鹅Ａ,000418,57.39,57.39,0.0,0.0,0,0.0,0.0,0,0.0,0,0.0,0,0.0,0,0.0,0,0.0,0,0.0,0,0.0,0,0.0,0,0.0,0,,2022-03-23 09:00:00,0.0,0.0,0.0,0.0,57.39/0/0,0,0.0,0.0,18.57,D,0.0,0.0,0.0,252.14,362.98,5.67,-1.0,-1.0,0.0,0.0,57.39,15.04,19.49,0.0,0.0,36298000000.0,25214000000.0
000419,通程控股,000419,5.04,5.1,5.1,6085900.0,2638400,3447500.0,5.04,18600,5.03,186700,5.02,75500,5.01,111300,5.0,57600,5.05,29600,5.06,57900,5.07,45800,5.08,52700,5.09,24800,,2022-03-23 16:14:03,-0.06,-1.18,5.13,5.03,5.04/60859/30859719,6085900,30860000.0,1.12,19.68,,5.13,5.03,1.96,27.38,27.4,0.91,5.61,4.59,0.58,2389.0,5.07,16.57,15.13,-0.0118,0.011200000000000002,2740000000.0,2738000000.0
000420,吉林化纤,000420,5.03,4.9,4.9,57023400.0,32536300,24487200.0,5.02,431300,5.01,454600,5.0,568100,4.99,126100,4.98,148900,5.03,32800,5.04,210700,5.05,644600,5.06,355500,5.07,391200,,2022-03-23 16:14:03,0.13,2.65,5.08,4.84,5.03/570234/284080095,57023400,284080000.0,2.63,-499.18,,5.08,4.84,4.9,109.01,109.07,3.58,5.39,4.41,0.71,942.0,4.98,6141.34,-46.75,0.0265,0.0263,10907000000.0,10901000000.0
000421,南京公用,000421,4.84,4.86,4.89,1438500.0,517600,920900.0,4.83,29900,4.82,33000,4.81,27200,4.8,15700,4.79,7800,4.84,2800,4.85,88800,4.86,10500,4.87,30500,4.88,23000,,2022-03-23 16:14:03,-0.02,-0.41,4.89,4.82,4.84/14385/6988414,1438500,6990000.0,0.25,-15.81,,4.89,4.82,1.44,27.72,27.99,1.01,5.35,4.37,0.62,-420.0,4.86,1883.63,12.44,-0.0040999999999999995,0.0025,2799000000.0,2772000000.0
000422,湖北宜化,000422,18.62,18.62,18.6,37069500.0,18703900,18365600.0,18.62,76100,18.61,146500,18.6,197500,18.59,39600,18.58,52600,18.63,76000,18.64,34600,18.65,36200,18.66,11900,18.67,9600,,2022-03-23 16:14:03,0.0,0.0,19.05,18.55,18.62/370695/696456185,37069500,696460000.0,4.13,10.41,,19.05,18.55,2.69,167.17,167.18,8.84,20.48,16.76,0.97,3440.0,18.79,8.43,144.38,0.0,0.041299999999999996,16718000000.0,16716999999.999998
000423,东阿阿胶,000423,34.85,34.45,34.5,5855600.0,2816000,3039600.0,34.85,4800,34.84,2600,34.83,61600,34.82,8600,34.81,11000,34.87,600,34.88,3400,34.89,12800,34.9,2900,34.91,22800,,2022-03-23 16:14:03,0.4,1.16,35.21,34.43,34.85/58556/204545222,5855600,204550000.0,0.9,62.35,,35.21,34.43,2.26,227.87,227.93,2.32,37.9,31.01,1.03,461.0,34.93,56.74,526.52,0.0116,0.009000000000000001,22793000000.0,22787000000.0
000425,徐工机械,000425,5.17,5.18,5.18,30818300.0,12282000,18536300.0,5.16,217700,5.15,849100,5.14,473500,5.13,655400,5.12,439800,5.17,519700,5.18,623100,5.19,695100,5.2,931100,5.21,485500,,2022-03-23 16:14:03,-0.01,-0.19,5.2,5.15,5.17/308183/159452357,30818300,159450000.0,0.39,6.86,,5.2,5.15,0.97,404.37,405.0,1.14,5.7,4.66,0.69,-6190.0,5.17,6.59,10.86,-0.0019,0.0039000000000000003,40500000000.0,40437000000.0
000426,兴业矿业,000426,7.89,8.05,8.03,31324900.0,11593900,19730900.0,7.89,87600,7.88,141700,7.87,131700,7.86,1421200,7.85,195000,7.9,85300,7.91,73800,7.92,56800,7.93,86200,7.94,87000,,2022-03-23 16:14:03,-0.16,-1.99,8.06,7.85,7.89/313249/248779297,31324900,248780000.0,2.12,71.4,,8.06,7.85,2.61,116.4,144.95,2.68,8.86,7.25,0.63,15881.0,7.94,40.89,-78.84,-0.0199,0.0212,14494999999.999998,11640000000.0
000428,华天酒店,000428,3.9,3.9,3.87,31588100.0,14790700,16797400.0,3.89,202400,3.88,226100,3.87,154600,3.86,338500,3.85,214300,3.9,64000,3.91,319900,3.92,120300,3.93,144300,3.94,207800,,2022-03-23 16:14:03,0.0,0.0,3.95,3.84,3.90/315881/122882588,31588100,122880000.0,3.1,-11.09,,3.95,3.84,2.82,39.74,39.74,2.15,4.29,3.51,0.48,2796.0,3.89,-13.19,-7.74,0.0,0.031,3974000000.0,3974000000.0
000429,粤高速Ａ,000429,7.57,7.57,7.58,2197100.0,793300,1403900.0,7.55,1500,7.54,8300,7.53,8800,7.52,38500,7.51,117400,7.57,18200,7.58,23900,7.59,11000,7.6,29400,7.61,5700,,2022-03-23 16:14:03,0.0,0.0,7.67,7.49,7.57/21971/16637877,2197100,16640000.0,0.17,9.31,,7.67,7.49,2.38,98.66,158.27,1.76,8.33,6.81,0.57,863.0,7.57,9.31,9.31,0.0,0.0017000000000000001,15827000000.000002,9866000000.0
000430,张家界,000430,6.53,6.6,6.57,9911300.0,5094100,4817200.0,6.52,11900,6.51,23600,6.5,79400,6.49,35500,6.48,13100,6.53,12400,6.54,1100,6.55,112600,6.56,48200,6.57,9600,,2022-03-23 16:14:03,-0.07,-1.06,6.67,6.51,6.53/99113/65245500,9911300,65250000.0,2.99,-29.11,,6.67,6.51,2.42,21.66,26.43,1.82,7.26,5.94,0.5,-204.0,6.58,-33.94,-28.67,-0.0106,0.029900000000000003,2643000000.0,2166000000.0
000488,晨鸣纸业,000488,6.62,6.68,6.68,10689000.0,4198100,6490900.0,6.62,80400,6.61,368900,6.6,264200,6.59,107600,6.58,273800,6.63,16200,6.64,151600,6.65,68800,6.66,78000,6.67,98400,,2022-03-23 16:14:03,-0.06,-0.9,6.69,6.59,6.62/106890/70890414,10689000,70890000.0,0.64,7.01,,6.69,6.59,1.5,110.22,197.55,0.99,7.35,6.01,0.56,6819.0,6.63,6.79,11.54,-0.009000000000000001,0.0064,19755000000.0,11022000000.0
000498,山东路桥,000498,8.21,8.07,8.02,36734500.0,18681200,18053300.0,8.21,100600,8.2,69200,8.19,6000,8.18,84600,8.17,18200,8.22,47200,8.23,133500,8.24,39600,8.25,16800,8.26,57700,,2022-03-23 16:14:03,0.14,1.73,8.48,7.91,8.21/367345/301047890,36734500,301050000.0,4.93,6.04,,8.48,7.91,7.06,61.21,127.97,0.94,8.88,7.26,1.23,-162.0,8.2,6.04,6.04,0.0173,0.0493,12797000000.0,6121000000.0
000501,鄂武商Ａ,000501,10.04,10.07,10.1,3873800.0,1304100,2569700.0,10.04,9600,10.03,27400,10.02,33300,10.01,35000,10.0,46000,10.05,8300,10.06,21400,10.07,17000,10.08,43400,10.09,5100,,2022-03-23 16:14:03,-0.03,-0.3,10.14,10.01,10.04/38738/38967455,3873800,38970000.0,0.5,8.64,,10.14,10.01,1.29,77.11,77.21,0.75,11.08,9.06,0.7,561.0,10.06,10.57,14.1,-0.003,0.005,7720999999.999999,7711000000.0
000502,*ST绿景,000502,5.39,5.13,5.39,2031100.0,55700,1975400.0,5.39,488100,5.37,1900,5.36,100,5.35,58000,5.32,43900,0.0,0,0.0,0,0.0,0,0.0,0,0.0,0,,2022-03-23 16:14:03,0.26,5.07,5.39,5.34,5.39/20311/10944734,2031100,10940000.0,1.11,-48.62,,5.39,5.34,0.97,9.88,9.96,5.87,5.39,4.87,2.85,5920.0,5.39,-81.49,-53.99,0.0507,0.0111,996000000.0000001,988000000.0000001
000503,国新健康,000503,11.26,11.29,11.29,14010700.0,6389200,7621500.0,11.26,52300,11.25,12700,11.24,5700,11.23,53000,11.22,19100,11.27,83000,11.28,8000,11.29,36600,11.3,36300,11.31,45400,,2022-03-23 16:14:03,-0.03,-0.27,11.59,11.12,11.26/140107/159092083,14010700,159090000.0,1.56,-49.14,,11.59,11.12,4.16,101.21,102.15,11.7,12.42,10.16,0.63,-665.0,11.36,-60.17,-42.11,-0.0027,0.015600000000000001,10215000000.0,10121000000.0
000504,南华生物,000504,19.94,22.16,21.56,11583500.0,6550300,5033200.0,0.0,0,0.0,0,0.0,0,0.0,0,0.0,0,19.94,355800,19.95,3800,19.96,30800,19.97,500,19.98,20300,,2022-03-23 16:14:03,-2.22,-10.02,21.72,19.94,19.94/115835/234833866,11583500,234830000.0,3.73,1912.25,,21.72,19.94,8.03,61.95,62.13,342.02,24.38,19.94,1.55,-4112.0,20.27,-554.61,761.88,-0.1002,0.0373,6213000000.0,6195000000.0
000505,京粮控股,000505,8.71,9.5,9.45,102213900.0,43675200,58538700.0,8.71,154600,8.7,264300,8.69,139800,8.68,106000,8.67,30200,8.72,372200,8.73,48400,8.74,14700,8.75,41800,8.76,5900,,2022-03-23 16:14:03,-0.79,-8.32,9.45,8.63,8.71/1022139/917451025,102213900,917450000.0,16.46,31.93,,9.45,8.63,8.63,54.07,63.32,2.23,10.45,8.55,3.78,2119.0,8.98,37.07,34.25,-0.0832,0.1646,6332000000.0,5407000000.0
000506,中润资源,000506,2.98,3.02,3.0,18355700.0,9735000,8620700.0,2.98,199600,2.97,708400,2.96,688800,2.95,572200,2.94,127400,2.99,110000,3.0,414600,3.01,288900,3.02,239700,3.03,286500,,2022-03-23 16:14:03,-0.04,-1.32,3.03,2.97,2.98/183557/54840886,18355700,54840000.0,1.98,-6.1,,3.03,2.97,1.99,27.67,27.68,5.57,3.32,2.72,0.61,9567.0,2.99,-59.98,-5.62,-0.0132,0.019799999999999998,2768000000.0,2767000000.0
000507,珠海港,000507,5.65,5.61,5.63,8979000.0,4510400,4468500.0,5.65,142500,5.64,42800,5.63,183500,5.62,118300,5.61,195500,5.66,51800,5.67,177100,5.68,161900,5.69,119200,5.7,63300,,2022-03-23 16:14:03,0.04,0.71,5.66,5.57,5.65/89790/50506181,8979000,50510000.0,1.08,13.15,,5.66,5.57,1.6,46.92,51.97,0.95,6.17,5.05,0.99,1093.0,5.62,13.69,19.77,0.0070999999999999995,0.0108,5197000000.0,4692000000.0
000508,琼民源,000508,0.0,0.0,0.0,0.0,0,0.0,0.0,0,0.0,0,0.0,0,0.0,0,0.0,0,0.0,0,0.0,0,0.0,0,0.0,0,0.0,0,,2022-03-23 09:00:00,0.0,0.0,0.0,0.0,0.00/0/0,0,0.0,0.0,,D,0.0,0.0,0.0,0.0,0.0,0.0,-1.0,-1.0,0.0,0.0,0.0,,,0.0,0.0,0.0,0.0
000509,*ST华塑,000509,4.3,4.28,4.27,9913000.0,4291600,5621500.0,4.3,134600,4.29,128900,4.28,157700,4.27,102500,4.26,262200,4.31,106300,4.32,45600,4.33,60400,4.34,56900,4.35,99800,,2022-03-23 16:14:03,0.02,0.47,4.4,4.25,4.30/99130/42826286,9913000,42830000.0,1.2,-817.43,,4.4,4.25,3.5,35.49,46.14,33.41,4.49,4.07,0.94,4169.0,4.32,-817.43,-817.43,0.004699999999999999,0.012,4614000000.0,3549000000.0
000510,新金路,000510,7.54,7.06,7.03,60385500.0,35955800,24429700.0,7.53,86400,7.52,23200,7.51,76500,7.5,89900,7.49,68800,7.54,94800,7.55,158400,7.56,191900,7.57,152000,7.58,203900,,2022-03-23 16:14:03,0.48,6.8,7.76,7.03,7.54/603855/447461032,60385500,447460000.0,10.72,18.45,,7.76,7.03,10.34,42.46,45.93,3.89,7.77,6.35,2.11,-4562.0,7.41,16.37,64.21,0.068,0.1072,4593000000.0,4246000000.0
000511,烯碳退,000511,0.0,0.0,0.0,0.0,0,0.0,0.0,0,0.0,0,0.0,0,0.0,0,0.0,0,0.0,0,0.0,0,0.0,0,0.0,0,0.0,0,,2022-03-23 09:00:00,0.0,0.0,0.0,0.0,0.00/0/0,0,0.0,0.0,0.0,D,0.0,0.0,0.0,0.0,0.0,0.0,-1.0,-1.0,0.0,0.0,0.0,0.0,0.0,0.0,0.0,0.0,0.0
000513,丽珠集团,000513,40.08,41.0,40.59,20303100.0,9530500,10772700.0,40.07,25100,40.06,21000,40.05,13000,40.04,1000,40.02,1900,40.08,342800,40.09,12300,40.11,100,40.12,5700,40.13,100,,2022-03-23 16:14:03,-0.92,-2.24,41.18,39.77,40.08/203031/818344121,20303100,818340000.0,3.35,21.54,,41.18,39.77,3.44,242.56,376.05,3.0,45.1,36.9,0.91,-2990.0,40.31,19.41,21.93,-0.022400000000000003,0.0335,37605000000.0,24256000000.0
000514,渝 开 发,000514,4.36,4.32,4.28,43562500.0,20914500,22648000.0,4.36,60500,4.35,134500,4.34,44000,4.33,92000,4.32,43200,4.37,207000,4.38,228200,4.39,238900,4.4,344500,4.41,109700,,2022-03-23 16:14:03,0.04,0.93,4.45,4.2,4.36/435625/188058390,43562500,188060000.0,5.16,43.22,,4.45,4.2,5.79,36.79,36.79,1.11,4.75,3.89,1.34,-7541.0,4.32,-122.99,27.55,0.009300000000000001,0.0516,3679000000.0,3679000000.0
000515,攀渝钛业,000515,0.0,0.0,0.0,0.0,0,0.0,0.0,0,0.0,0,0.0,0,0.0,0,0.0,0,0.0,0,0.0,0,0.0,0,0.0,0,0.0,0,,2022-03-23 09:00:00,0.0,0.0,0.0,0.0,0.00/0/0,0,0.0,0.0,-0.0,D,0.0,0.0,0.0,0.0,0.0,0.0,-1.0,-1.0,0.0,0.0,0.0,-0.0,-0.0,0.0,0.0,0.0,0.0
000516,ST国医,000516,7.78,7.95,7.9,43019100.0,18725900,24293200.0,7.78,140400,7.77,297800,7.76,71700,7.75,66000,7.74,16100,7.79,63400,7.8,157700,7.81,89000,7.82,27200,7.83,43100,,2022-03-23 16:14:03,-0.17,-2.14,8.0,7.66,7.78/430191/335636604,43019100,335640000.0,2.27,-430.36,,8.0,7.66,4.28,147.33,177.07,3.11,8.35,7.55,0.72,2116.0,7.8,-22.7,390.36,-0.021400000000000002,0.0227,17707000000.0,14733000000.000002
000517,荣安地产,000517,3.76,3.42,3.26,234259900.0,106704200,127555700.0,3.76,10253700,3.75,88800,3.74,500,3.73,13400,3.72,10000,0.0,0,0.0,0,0.0,0,0.0,0,0.0,0,,2022-03-23 16:14:03,0.34,9.94,3.76,3.09,3.76/2342599/792897329,234259900,792900000.0,9.38,6.82,,3.76,3.09,19.59,93.89,119.72,1.36,3.76,3.08,2.58,103664.0,3.38,12.12,6.87,0.09939999999999999,0.09380000000000001,11972000000.0,9389000000.0
000518,四环生物,000518,3.55,3.55,3.58,13554000.0,6130700,7423200.0,3.54,342100,3.53,148100,3.52,211600,3.51,254100,3.5,387300,3.55,54400,3.56,323400,3.57,496400,3.58,221500,3.59,158500,,2022-03-23 16:14:03,0.0,0.0,3.6,3.51,3.55/135540/48117721,13554000,48120000.0,1.32,-212.03,,3.6,3.51,2.54,36.55,36.55,5.91,3.91,3.2,0.67,890.0,3.55,-120.33,133.9,0.0,0.0132,3654999999.9999995,3654999999.9999995
000519,中兵红箭,000519,21.86,21.7,21.7,54013000.0,25768300,28244700.0,21.86,47500,21.85,155600,21.84,20400,21.83,20000,21.82,23900,21.87,38200,21.88,52200,21.89,95600,21.9,189300,21.91,48000,,2022-03-23 16:14:03,0.16,0.74,22.13,21.45,21.86/540130/1179034237,54013000,1179030000.0,3.88,55.16,,22.13,21.45,3.13,304.18,304.41,3.33,23.87,19.53,0.84,-1559.0,21.83,37.63,110.87,0.0074,0.0388,30441000000.000004,30418000000.0
000520,长航凤凰,000520,3.54,3.58,3.59,16609800.0,8398700,8211000.0,3.54,524000,3.53,188400,3.52,96900,3.51,104200,3.5,258600,3.55,115900,3.56,123100,3.57,345100,3.58,282300,3.59,178800,,2022-03-23 16:14:03,-0.04,-1.12,3.59,3.54,3.54/166098/59117327,16609800,59120000.0,1.64,37.25,,3.59,3.54,1.4,35.83,35.83,6.91,3.94,3.22,0.73,1269.0,3.56,37.25,37.25,-0.011200000000000002,0.016399999999999998,3583000000.0,3583000000.0
000521,长虹美菱,000521,3.6,3.67,3.68,13429900.0,5403400,8026600.0,3.59,217500,3.58,226600,3.57,58800,3.56,45900,3.55,161000,3.6,61900,3.61,342200,3.62,220200,3.63,121700,3.64,208400,,2022-03-23 16:14:03,-0.07,-1.91,3.68,3.58,3.60/134299/48563761,13429900,48560000.0,1.54,36.98,,3.68,3.58,2.72,31.48,37.08,0.77,4.04,3.3,0.51,-2446.0,3.62,44.66,-43.33,-0.0191,0.0154,3708000000.0,3148000000.0
000522,白云山Ａ,000522,0.0,0.0,0.0,0.0,0,0.0,0.0,0,0.0,0,0.0,0,0.0,0,0.0,0,0.0,0,0.0,0,0.0,0,0.0,0,0.0,0,,2022-03-23 09:00:00,0.0,0.0,0.0,0.0,0.00/0/0,0,0.0,0.0,0.0,D,0.0,0.0,0.0,0.0,0.0,0.0,-1.0,-1.0,0.0,0.0,0.0,0.0,0.0,0.0,0.0,0.0,0.0
000523,*ST浪奇,000523,3.36,3.33,3.32,2455600.0,904100,1551500.0,3.35,20600,3.34,193300,3.33,290800,3.32,101500,3.31,63800,3.36,176000,3.37,55900,3.38,38400,3.39,33000,3.4,100300,,2022-03-23 16:14:03,0.03,0.9,3.36,3.32,3.36/24556/8201397,2455600,8200000.0,0.16,-1.58,,3.36,3.32,1.2,52.81,54.18,-2.01,3.5,3.16,0.63,2664.0,3.34,-35.53,-1.21,0.009000000000000001,0.0016,5418000000.0,5281000000.0
000524,岭南控股,000524,12.25,12.98,13.0,61623900.0,30974400,30649500.0,12.25,31000,12.24,66400,12.23,13400,12.22,27600,12.21,20600,12.26,141300,12.27,51700,12.28,2900,12.29,4700,12.3,37800,,2022-03-23 16:14:03,-0.73,-5.62,13.58,12.0,12.25/616239/797893769,61623900,797890000.0,9.2,-64.24,,13.58,12.0,12.17,82.09,82.1,3.69,14.28,11.68,1.81,-794.0,12.95,-64.24,-64.24,-0.0562,0.092,8209999999.999999,8209000000.0
000525,ST红太阳,000525,7.81,7.44,7.77,8140900.0,3801200,4339700.0,7.81,1668000,7.8,21000,7.79,10300,7.78,6200,7.77,23500,0.0,0,0.0,0,0.0,0,0.0,0,0.0,0,,2022-03-23 16:14:03,0.37,4.97,7.81,7.61,7.81/81409/63147503,8140900,63150000.0,1.42,-21.26,,7.81,7.61,2.69,44.87,45.36,1.12,7.81,7.07,0.65,17290.0,7.76,93.68,-29.49,0.049699999999999994,0.014199999999999999,4536000000.0,4487000000.0
000526,学大教育,000526,17.68,17.82,17.83,3717300.0,1206900,2510400.0,17.68,45700,17.67,57400,17.66,6700,17.65,70300,17.64,1300,17.69,2000,17.7,5800,17.71,2700,17.72,34200,17.73,4800,,2022-03-23 16:14:03,-0.14,-0.79,17.86,17.56,17.68/37173/65868326,3717300,65870000.0,3.33,35.87,,17.86,17.56,1.68,19.76,20.82,2.07,19.6,16.04,0.97,1319.0,17.72,34.87,47.66,-0.0079,0.0333,2082000000.0,1976000000.0000002
000527,美的电器,000527,0.0,0.0,0.0,0.0,0,0.0,0.0,0,0.0,0,0.0,0,0.0,0,0.0,0,0.0,0,0.0,0,0.0,0,0.0,0,0.0,0,,2022-03-23 09:00:00,0.0,0.0,0.0,0.0,0.00/0/0,0,0.0,0.0,0.0,D,0.0,0.0,0.0,0.0,0.0,0.0,-1.0,-1.0,0.0,0.0,0.0,0.0,0.0,0.0,0.0,0.0,0.0
000528,柳    工,000528,6.46,6.45,6.47,6000000.0,2862600,3137400.0,6.46,147100,6.45,59200,6.44,102000,6.43,82900,6.42,99800,6.47,15200,6.48,50400,6.49,158300,6.5,121600,6.51,110000,,2022-03-23 16:14:03,0.01,0.16,6.49,6.42,6.46/60000/38787839,6000000,38790000.0,0.63,10.31,,6.49,6.42,1.09,61.74,126.29,0.65,7.1,5.81,0.55,355.0,6.46,10.65,9.49,0.0016,0.0063,12629000000.0,6174000000.0
000529,广弘控股,000529,5.99,5.98,6.0,3397700.0,1665400,1732300.0,5.98,37600,5.97,30300,5.96,14000,5.95,36400,5.94,51900,5.99,39600,6.0,41300,6.01,22500,6.02,10400,6.03,20400,,2022-03-23 16:14:03,0.01,0.17,6.0,5.93,5.99/33977/20271645,3397700,20270000.0,0.6,11.56,,6.0,5.93,1.17,34.14,34.97,1.65,6.58,5.38,0.75,360.0,5.97,10.68,11.59,0.0017000000000000001,0.006,3497000000.0,3414000000.0
000530,冰山冷热,000530,4.84,4.79,4.9,76312000.0,39571000,36741100.0,4.83,900500,4.82,208600,4.81,563600,4.8,424400,4.79,132900,4.84,354200,4.85,291800,4.86,352200,4.87,71400,4.88,176300,,2022-03-23 16:14:03,0.05,1.04,5.06,4.8,4.84/763120/375419684,76312000,375420000.0,12.75,-166.23,,5.06,4.8,5.43,28.97,40.81,1.23,5.27,4.31,1.06,9841.0,4.92,-73.67,191.23,0.0104,0.1275,4081000000.0,2897000000.0
000531,穗恒运Ａ,000531,8.44,8.25,8.5,8550500.0,3986200,4564200.0,8.44,170700,8.43,28300,8.42,9100,8.41,2300,8.4,41800,8.45,23100,8.46,19700,8.47,19300,8.48,20900,8.49,19000,,2022-03-23 16:14:03,0.19,2.3,8.71,8.37,8.44/85505/73039257,8550500,73040000.0,1.25,24.64,,8.71,8.37,4.12,57.82,57.82,1.13,9.08,7.43,1.81,1502.0,8.54,19.58,7.41,0.023,0.0125,5782000000.0,5782000000.0
000532,华金资本,000532,11.21,11.24,11.18,3587500.0,1909600,1678000.0,11.2,20200,11.19,3500,11.18,13400,11.17,29100,11.16,11700,11.21,9300,11.22,51100,11.23,16400,11.24,42100,11.25,16700,,2022-03-23 16:14:03,-0.03,-0.27,11.42,11.17,11.21/35875/40322072,3587500,40320000.0,1.04,33.07,,11.42,11.17,2.22,38.51,38.64,3.61,12.36,10.12,1.11,-577.0,11.24,31.42,23.71,-0.0027,0.0104,3864000000.0,3851000000.0
000533,顺钠股份,000533,3.88,3.75,3.79,24359600.0,14243700,10116000.0,3.87,129900,3.86,105500,3.85,86300,3.84,88300,3.83,24800,3.88,401200,3.89,212300,3.9,859700,3.91,95700,3.92,352700,,2022-03-23 16:14:03,0.13,3.47,3.9,3.76,3.88/243596/93573323,24359600,93570000.0,3.56,42.21,,3.9,3.76,3.73,26.57,26.8,3.88,4.13,3.38,1.17,-14868.0,3.84,-359.93,31.19,0.0347,0.0356,2680000000.0,2657000000.0
000534,万泽股份,000534,12.54,12.48,12.39,3377100.0,1552000,1825100.0,12.52,3100,12.51,2800,12.5,9100,12.49,2300,12.48,2300,12.54,54600,12.55,22500,12.56,5800,12.57,3700,12.58,5100,,2022-03-23 16:14:03,0.06,0.48,12.59,12.3,12.54/33771/42028712,3377100,42030000.0,0.69,68.04,,12.59,12.3,2.32,61.64,62.79,5.83,13.73,11.23,0.84,-721.0,12.45,55.3,81.84,0.0048,0.0069,6279000000.0,6164000000.0
000535,*ST猴王,000535,0.0,0.0,0.0,0.0,0,0.0,0.0,0,0.0,0,0.0,0,0.0,0,0.0,0,0.0,0,0.0,0,0.0,0,0.0,0,0.0,0,,2022-03-23 09:00:00,0.0,0.0,0.0,0.0,0.00/0/0,0,0.0,0.0,-0.0,D,0.0,0.0,0.0,0.0,0.0,-0.0,-1.0,-1.0,0.0,0.0,0.0,-0.0,-0.0,0.0,0.0,0.0,0.0
000536,华映科技,000536,2.14,2.13,2.13,7476600.0,1779800,5696700.0,2.13,39200,2.12,340200,2.11,426800,2.1,1016700,2.09,299700,2.14,1001300,2.15,882100,2.16,1204600,2.17,1731600,2.18,552700,,2022-03-23 16:14:03,0.01,0.47,2.14,2.12,2.14/74766/15927621,7476600,15930000.0,0.27,452.28,,2.14,2.12,0.94,59.13,59.19,1.08,2.34,1.92,0.53,-32497.0,2.13,-375.26,9.68,0.004699999999999999,0.0027,5919000000.0,5913000000.0
000537,广宇发展,000537,17.43,16.8,17.3,29916400.0,15485800,14430600.0,17.43,100,17.42,35100,17.41,15000,17.4,31200,17.39,4100,17.44,5500,17.45,37400,17.46,400,17.47,8000,17.48,5200,,2022-03-23 16:14:03,0.63,3.75,18.18,17.11,17.43/299164/526154036,29916400,526150000.0,1.73,-23.91,,18.18,17.11,6.37,301.78,324.64,2.4,18.48,15.12,1.37,290.0,17.59,-23.91,-23.91,0.0375,0.0173,32464000000.0,30177999999.999996
000538,云南白药,000538,81.35,80.73,80.74,4013400.0,2086600,1926800.0,81.34,800,81.33,600,81.32,300,81.31,600,81.3,5200,81.35,1300,81.36,4200,81.37,900,81.38,2700,81.39,2800,,2022-03-23 16:14:03,0.62,0.77,82.12,80.1,81.35/40134/326608552,4013400,326610000.0,0.66,28.1,,82.12,80.1,2.5,494.11,1043.42,2.75,88.8,72.66,0.77,-44.0,81.38,31.93,18.92,0.0077,0.0066,104342000000.0,49411000000.0
000539,粤电力Ａ,000539,4.71,4.73,4.78,19902000.0,8554300,11347600.0,4.71,57900,4.7,135400,4.69,96900,4.68,253900,4.67,172900,4.72,131800,4.73,28900,4.74,36000,4.75,159000,4.76,32300,,2022-03-23 16:14:03,-0.02,-0.42,4.86,4.68,4.71/199020/94648649,19902000,94650000.0,0.78,-558.98,,4.86,4.68,3.81,120.29,247.29,0.93,5.2,4.26,0.8,3290.0,4.76,-83.87,14.16,-0.0042,0.0078000000000000005,24729000000.0,12029000000.0
000540,中天金融,000540,2.42,2.4,2.42,67001700.0,36768000,30233700.0,2.42,900,2.41,1049600,2.4,1122000,2.39,595400,2.38,453300,2.43,940700,2.44,1397400,2.45,1090600,2.46,959700,2.47,742600,,2022-03-23 16:14:03,0.02,0.83,2.48,2.37,2.42/670017/162336743,67001700,162340000.0,0.96,-15.44,,2.48,2.37,4.58,168.78,169.53,0.97,2.64,2.16,1.05,-19098.0,2.42,-14.62,29.64,0.0083,0.0096,16953000000.0,16878000000.0
000541,佛山照明,000541,5.1,5.09,5.09,2295600.0,1004400,1291200.0,5.1,2300,5.09,52000,5.08,9400,5.07,80300,5.06,74000,5.11,18600,5.12,57900,5.13,42100,5.14,21200,5.15,48200,,2022-03-23 16:14:03,0.01,0.2,5.12,5.05,5.10/22956/11691545,2295600,11690000.0,0.22,24.84,,5.12,5.05,1.38,53.76,69.46,1.24,5.6,4.58,1.07,300.0,5.09,27.13,21.92,0.002,0.0022,6945999999.999999,5376000000.0
000542,TCL通讯,000542,0.0,0.0,0.0,0.0,0,0.0,0.0,0,0.0,0,0.0,0,0.0,0,0.0,0,0.0,0,0.0,0,0.0,0,0.0,0,0.0,0,,2022-03-23 09:00:00,0.0,0.0,0.0,0.0,0.00/0/0,0,0.0,0.0,0.0,D,0.0,0.0,0.0,0.0,0.0,0.0,-1.0,-1.0,0.0,0.0,0.0,0.0,0.0,0.0,0.0,0.0,0.0
000543,皖能电力,000543,4.18,4.17,4.18,22718500.0,11836100,10882400.0,4.17,1217500,4.16,199300,4.15,1011100,4.14,262600,4.13,196700,4.18,396500,4.19,151600,4.2,331200,4.21,230600,4.22,172800,,2022-03-23 16:14:03,0.01,0.24,4.24,4.15,4.18/227185/95144723,22718500,95140000.0,1.27,-30.97,,4.24,4.15,2.16,74.84,94.75,0.71,4.59,3.75,0.36,16045.0,4.19,-13.93,9.35,0.0024,0.0127,9475000000.0,7484000000.0
000544,中原环保,000544,6.19,6.25,6.24,3966300.0,1206900,2759400.0,6.19,23100,6.18,35500,6.17,101200,6.16,90700,6.15,47100,6.2,27500,6.21,20100,6.22,40800,6.23,35500,6.24,26100,,2022-03-23 16:14:03,-0.06,-0.96,6.26,6.17,6.19/39663/24591964,3966300,24590000.0,0.41,11.69,,6.26,6.17,1.44,60.33,60.33,0.93,6.88,5.63,0.67,1476.0,6.2,9.71,12.16,-0.0096,0.0040999999999999995,6033000000.0,6033000000.0
000545,金浦钛业,000545,3.84,3.86,3.88,11572500.0,5174100,6398500.0,3.84,12800,3.83,95200,3.82,82600,3.81,143100,3.8,298300,3.85,149800,3.86,188300,3.87,196900,3.88,176500,3.89,216400,,2022-03-23 16:14:03,-0.02,-0.52,3.91,3.8,3.84/115725/44643595,11572500,44640000.0,1.17,-95.72,,3.91,3.8,2.85,37.84,37.89,1.93,4.25,3.47,0.66,-2959.0,3.86,18.08,-15.14,-0.0052,0.011699999999999999,3789000000.0,3784000000.0000005
000546,金圆股份,000546,14.58,15.01,14.93,28686300.0,12470800,16215500.0,14.57,207900,14.56,23600,14.55,23200,14.54,2300,14.53,12100,14.58,11400,14.59,2300,14.6,52300,14.61,26400,14.62,37900,,2022-03-23 16:14:03,-0.43,-2.86,15.18,14.57,14.58/286863/424045929,28686300,424050000.0,4.02,27.51,,15.18,14.57,4.06,104.15,113.84,2.12,16.51,13.51,0.74,1388.0,14.78,24.58,23.99,-0.0286,0.04019999999999999,11384000000.0,10415000000.0
000547,航天发展,000547,11.77,11.65,11.65,28913700.0,15630900,13282700.0,11.76,48600,11.75,28100,11.74,28700,11.73,49800,11.72,48100,11.77,79400,11.78,73400,11.79,73100,11.8,90900,11.81,30300,,2022-03-23 16:14:03,0.12,1.03,11.94,11.49,11.77/289137/339187452,28913700,339190000.0,2.35,22.46,,11.94,11.49,3.86,145.0,188.75,2.13,12.82,10.49,1.07,-1438.0,11.73,31.41,23.36,0.0103,0.0235,18875000000.0,14500000000.0
000548,湖南投资,000548,4.5,4.51,4.51,14966800.0,6878700,8088100.0,4.49,97200,4.48,170500,4.47,71700,4.46,313000,4.45,33100,4.5,121000,4.51,359200,4.52,66200,4.53,96900,4.54,91500,,2022-03-23 16:14:03,-0.01,-0.22,4.55,4.36,4.50/149668/66557844,14966800,66560000.0,3.0,42.25,,4.55,4.36,4.21,22.46,22.46,1.23,4.96,4.06,0.5,-493.0,4.45,44.4,25.87,-0.0022,0.03,2246000000.0,2246000000.0
000549,S湘火炬,000549,0.0,0.0,0.0,0.0,0,0.0,0.0,0,0.0,0,0.0,0,0.0,0,0.0,0,0.0,0,0.0,0,0.0,0,0.0,0,0.0,0,,2022-03-23 09:00:00,0.0,0.0,0.0,0.0,0.00/0/0,0,0.0,0.0,0.0,D,0.0,0.0,0.0,0.0,0.0,0.0,-1.0,-1.0,0.0,0.0,0.0,0.0,0.0,0.0,0.0,0.0,0.0
000550,江铃汽车,000550,13.93,13.94,13.95,1603500.0,701700,901800.0,13.92,3800,13.91,3200,13.9,8400,13.89,4800,13.88,10600,13.93,4700,13.94,500,13.95,15000,13.96,17100,13.97,9400,,2022-03-23 16:14:03,-0.01,-0.07,14.05,13.88,13.93/16035/22391151,1603500,22390000.0,0.31,20.94,,14.05,13.88,1.22,72.22,120.25,1.41,15.33,12.55,0.62,-159.0,13.96,20.94,20.94,-0.0007000000000000001,0.0031,12025000000.0,7222000000.0
000551,创元科技,000551,9.21,8.9,9.09,7253400.0,3888100,3365300.0,9.2,18800,9.19,10000,9.18,11700,9.16,17100,9.15,8100,9.21,27100,9.22,71300,9.23,26500,9.24,27800,9.25,40500,,2022-03-23 16:14:03,0.31,3.48,9.24,8.87,9.21/72534/65975068,7253400,65980000.0,1.81,30.88,,9.24,8.87,4.16,36.85,37.21,1.85,9.79,8.01,2.11,-1275.0,9.1,30.27,31.89,0.0348,0.0181,3721000000.0,3685000000.0
000552,靖远煤电,000552,4.11,4.13,4.1,50369200.0,22359500,28009700.0,4.1,210200,4.09,148100,4.08,123700,4.07,196500,4.06,248400,4.11,111800,4.12,234100,4.13,148100,4.14,268000,4.15,782800,,2022-03-23 16:14:03,-0.02,-0.48,4.2,4.05,4.11/503692/207040081,50369200,207040000.0,2.15,13.35,,4.2,4.05,3.63,96.49,96.63,1.19,4.54,3.72,0.67,-6179.0,4.11,13.35,13.35,-0.0048,0.0215,9663000000.0,9649000000.0
000553,安道麦A,000553,8.04,8.06,8.13,2434100.0,1051500,1382700.0,8.04,10200,8.03,6800,8.02,21600,8.01,24000,8.0,19000,8.05,1000,8.06,11900,8.07,49800,8.08,162900,8.09,54400,,2022-03-23 16:14:03,-0.02,-0.25,8.17,8.0,8.04/24341/19643650,2434100,19640000.0,0.11,151.33,,8.17,8.0,2.11,175.04,187.32,0.89,8.87,7.25,0.54,-1984.0,8.07,-3587.52,53.1,-0.0025,0.0011,18732000000.0,17504000000.0
000554,泰山石油,000554,5.53,5.49,5.54,27206400.0,13574100,13632400.0,5.52,116800,5.51,6100,5.5,82900,5.49,40700,5.48,21600,5.53,9300,5.54,60000,5.56,3500,5.57,79400,5.58,56000,,2022-03-23 16:14:03,0.04,0.73,5.67,5.46,5.53/272064/150971401,27206400,150970000.0,7.5,256.49,,5.67,5.46,3.83,20.05,26.59,2.89,6.04,4.94,0.93,599.0,5.55,499.7,364.82,0.0073,0.075,2659000000.0,2005000000.0
000555,神州信息,000555,12.43,12.43,12.45,7106700.0,3226900,3879800.0,12.42,57500,12.41,39300,12.4,98200,12.39,17700,12.38,30400,12.43,13000,12.44,33600,12.45,52800,12.46,11500,12.47,41400,,2022-03-23 16:14:03,0.0,0.0,12.58,12.34,12.43/71067/88447849,7106700,88450000.0,0.73,26.89,,12.58,12.34,1.93,121.1,122.26,2.13,13.67,11.19,0.63,908.0,12.45,46.39,25.7,0.0,0.0073,12226000000.0,12110000000.0
000556,PT南洋,000556,0.0,0.0,0.0,0.0,0,0.0,0.0,0,0.0,0,0.0,0,0.0,0,0.0,0,0.0,0,0.0,0,0.0,0,0.0,0,0.0,0,,2022-03-23 09:00:00,0.0,0.0,0.0,0.0,0.00/0/0,0,0.0,0.0,0.0,D,0.0,0.0,0.0,0.0,0.0,0.0,-1.0,-1.0,0.0,0.0,0.0,0.0,0.0,0.0,0.0,0.0,0.0
000557,西部创业,000557,4.48,4.56,4.52,18907200.0,8626900,10280300.0,4.48,34700,4.47,181300,4.46,118900,4.45,285500,4.44,57700,4.49,238300,4.5,77700,4.51,65100,4.52,24300,4.53,23600,,2022-03-23 16:14:03,-0.08,-1.75,4.59,4.46,4.48/189072/85264809,18907200,85260000.0,1.3,28.64,,4.59,4.46,2.85,65.31,65.34,1.22,5.02,4.1,0.52,2491.0,4.51,25.03,38.06,-0.0175,0.013000000000000001,6534000000.0,6531000000.0
000558,莱茵体育,000558,3.78,3.44,3.42,127052400.0,74863500,52188900.0,3.78,12653800,3.77,52000,3.76,112700,3.75,415700,3.74,1000,0.0,0,0.0,0,0.0,0,0.0,0,0.0,0,,2022-03-23 16:14:03,0.34,9.88,3.78,3.42,3.78/1270524/463345812,127052400,463350000.0,9.86,-41.98,,3.78,3.42,10.47,48.7,48.73,4.23,3.78,3.1,2.65,132352.0,3.65,-55.25,-67.95,0.09880000000000001,0.0986,4873000000.0,4870000000.0
000559,万向钱潮,000559,5.34,5.3,5.31,7687800.0,3405000,4282800.0,5.34,38500,5.33,127200,5.32,239400,5.31,248600,5.3,235000,5.35,251800,5.36,121300,5.37,127200,5.38,186000,5.39,76500,,2022-03-23 16:14:03,0.04,0.75,5.36,5.28,5.34/76878/40935467,7687800,40940000.0,0.28,26.94,,5.36,5.28,1.51,147.02,176.42,2.1,5.83,4.77,0.68,1259.0,5.32,25.72,40.45,0.0075,0.0028000000000000004,17642000000.0,14702000000.000002
000560,我爱我家,000560,3.59,3.52,3.41,164249100.0,81747200,82501900.0,3.59,207100,3.58,469200,3.57,1042400,3.56,620900,3.55,215700,3.6,335700,3.61,551600,3.62,487000,3.63,238800,3.64,421000,,2022-03-23 16:14:03,0.07,1.99,3.7,3.38,3.59/1642491/577186109,164249100,577190000.0,7.3,15.52,,3.7,3.38,9.09,80.77,84.56,0.78,3.87,3.17,1.92,5212.0,3.51,13.3,27.1,0.0199,0.073,8456000000.0,8077000000.0
000561,烽火电子,000561,7.38,7.18,7.17,5984000.0,3316200,2667800.0,7.37,17900,7.36,44200,7.35,62000,7.34,14200,7.33,21900,7.38,28300,7.39,39800,7.4,81100,7.41,25500,7.42,52600,,2022-03-23 16:14:03,0.2,2.79,7.44,7.14,7.38/59840/43727115,5984000,43730000.0,0.99,45.07,,7.44,7.14,4.18,44.42,44.63,2.83,7.9,6.46,1.91,-671.0,7.31,604.26,45.23,0.0279,0.009899999999999999,4463000000.0,4442000000.0
000562,宏源证券,000562,0.0,0.0,0.0,0.0,0,0.0,0.0,0,0.0,0,0.0,0,0.0,0,0.0,0,0.0,0,0.0,0,0.0,0,0.0,0,0.0,0,,2022-03-23 09:00:00,0.0,0.0,0.0,0.0,0.00/0/0,0,0.0,0.0,0.0,D,0.0,0.0,0.0,0.0,0.0,0.0,-1.0,-1.0,0.0,0.0,0.0,0.0,0.0,0.0,0.0,0.0,0.0
000563,陕国投Ａ,000563,3.11,3.12,3.12,10506700.0,4369900,6136900.0,3.11,16800,3.1,498000,3.09,773500,3.08,512600,3.07,148200,3.12,699300,3.13,908400,3.14,736000,3.15,581000,3.16,605100,,2022-03-23 16:14:03,-0.01,-0.32,3.13,3.09,3.11/105067/32711125,10506700,32710000.0,0.27,16.56,,3.13,3.09,1.28,123.28,123.28,1.01,3.43,2.81,0.51,-15807.0,3.11,16.56,16.56,-0.0032,0.0027,12328000000.0,12328000000.0
000564,*ST大集,000564,1.07,1.07,1.06,102415100.0,49956300,52458700.0,1.06,13457700,1.05,8680600,1.04,5666400,1.03,3120900,1.02,5824800,1.07,1926900,1.08,16816300,1.09,9334600,1.1,6639500,1.11,6103500,,2022-03-23 16:14:03,0.0,0.0,1.08,1.06,1.07/1024151/109386007,102415100,109390000.0,0.67,-4.4,,1.08,1.06,1.87,162.45,205.05,0.82,1.12,1.02,0.46,-40704.0,1.07,-44.87,-4.52,0.0,0.0067,20505000000.0,16244999999.999998
000565,渝三峡Ａ,000565,6.09,6.05,6.05,5204300.0,2290300,2914000.0,6.08,44800,6.07,10400,6.06,16400,6.05,35100,6.04,26300,6.09,10300,6.1,68000,6.11,23500,6.12,48000,6.13,8900,,2022-03-23 16:14:03,0.04,0.66,6.28,6.0,6.09/52043/31746279,5204300,31750000.0,1.2,30.1,,6.28,6.0,4.63,26.41,26.41,2.09,6.66,5.45,1.24,-257.0,6.1,27.05,47.95,0.0066,0.012,2641000000.0,2641000000.0
000566,海南海药,000566,4.94,5.06,4.99,31420100.0,15491900,15928200.0,4.93,74900,4.92,784700,4.91,390000,4.9,355700,4.89,92600,4.94,78900,4.95,64700,4.96,222100,4.97,80800,4.98,35000,,2022-03-23 16:14:03,-0.12,-2.37,5.09,4.9,4.94/314201/156205764,31420100,156210000.0,2.7,-5.84,,5.09,4.9,3.75,57.56,64.09,1.96,5.57,4.55,0.61,12164.0,4.97,-9.67,-11.05,-0.023700000000000002,0.027000000000000003,6409000000.0,5756000000.0
000567,海德股份,000567,15.86,16.12,16.0,3213000.0,1326900,1886100.0,15.85,47100,15.84,6000,15.83,3600,15.82,8800,15.8,12900,15.86,6900,15.87,1500,15.88,4800,15.89,6300,15.9,3300,,2022-03-23 16:14:03,-0.26,-1.61,16.19,15.68,15.86/32130/50989771,3213000,50990000.0,0.5,28.32,,16.19,15.68,3.16,101.47,101.68,2.15,17.73,14.51,0.65,556.0,15.87,28.32,28.32,-0.0161,0.005,10168000000.0,10147000000.0
000568,泸州老窖,000568,204.8,202.36,203.95,6836900.0,3745800,3091100.0,204.77,100,204.74,1400,204.73,100,204.72,300,204.71,300,204.8,30500,204.85,600,204.88,100,204.9,100,204.91,600,,2022-03-23 16:14:03,2.44,1.21,208.84,200.78,204.80/68369/1403989552,6836900,1403990000.0,0.47,38.4,,208.84,200.78,3.98,2999.31,3013.87,11.17,222.6,182.12,0.8,-297.0,205.35,38.4,38.4,0.0121,0.004699999999999999,301387000000.0,299931000000.0
000569,长城股份,000569,0.0,0.0,0.0,0.0,0,0.0,0.0,0,0.0,0,0.0,0,0.0,0,0.0,0,0.0,0,0.0,0,0.0,0,0.0,0,0.0,0,,2022-03-23 09:00:00,0.0,0.0,0.0,0.0,0.00/0/0,0,0.0,0.0,-0.0,D,0.0,0.0,0.0,0.0,0.0,0.0,-1.0,-1.0,0.0,0.0,0.0,-0.0,-0.0,0.0,0.0,0.0,0.0
000570,苏常柴Ａ,000570,5.07,5.08,5.07,2707800.0,926700,1781200.0,5.07,6300,5.06,94900,5.05,29000,5.04,153700,5.03,15700,5.08,200,5.09,149000,5.1,72300,5.11,126800,5.12,93400,,2022-03-23 16:14:03,-0.01,-0.2,5.12,5.05,5.07/27078/13754924,2707800,13750000.0,0.54,30.02,,5.12,5.05,1.38,25.29,35.78,1.15,5.59,4.57,0.55,-1421.0,5.08,25.38,68.24,-0.002,0.0054,3578000000.0,2529000000.0
000571,ST大洲,000571,2.03,2.04,2.03,6662200.0,3111200,3551000.0,2.03,118800,2.02,631600,2.01,321000,2.0,342400,1.99,122300,2.04,265500,2.05,162500,2.06,105400,2.07,323500,2.08,85900,,2022-03-23 16:14:03,-0.01,-0.49,2.04,2.01,2.03/66622/13483558,6662200,13480000.0,0.82,-5.37,,2.04,2.01,1.47,16.52,16.53,3.81,2.14,1.94,0.68,5933.0,2.02,-18.81,-4.97,-0.0049,0.008199999999999999,1653000000.0,1652000000.0
000572,海马汽车,000572,4.89,4.79,4.97,21013500.0,10689000,10324500.0,4.89,79400,4.88,67500,4.87,107600,4.86,122100,4.85,160500,4.9,43600,4.91,302700,4.92,95700,4.93,107800,4.94,112800,,2022-03-23 16:14:03,0.1,2.09,5.02,4.84,4.89/210135/103503186,21013500,103500000.0,1.28,-6.32,,5.02,4.84,3.76,80.3,80.42,2.36,5.27,4.31,1.15,-1255.0,4.93,-35.27,-6.02,0.0209,0.0128,8042000000.0,8030000000.0
000573,粤宏远Ａ,000573,4.13,4.08,4.08,60295800.0,31476100,28819700.0,4.13,280200,4.12,199300,4.11,158300,4.1,303000,4.09,154500,4.14,49400,4.15,81900,4.16,54300,4.17,73500,4.18,78200,,2022-03-23 16:14:03,0.05,1.23,4.22,4.01,4.13/602958/248057987,60295800,248060000.0,9.53,104.54,,4.22,4.01,5.15,26.14,26.36,1.58,4.49,3.67,1.34,7580.0,4.11,14.81,-22.68,0.0123,0.0953,2636000000.0,2614000000.0
000576,甘化科工,000576,12.91,12.95,13.05,8076100.0,3426500,4649600.0,12.91,88600,12.9,113900,12.89,123200,12.88,106000,12.87,114600,12.92,86200,12.93,21700,12.94,46600,12.95,53800,12.96,21000,,2022-03-23 16:14:03,-0.04,-0.31,13.08,12.77,12.91/80761/104183203,8076100,104180000.0,1.89,181.86,,13.08,12.77,2.39,55.3,57.17,3.41,14.25,11.66,0.55,3170.0,12.9,44.05,8.43,-0.0031,0.0189,5717000000.0,5530000000.0
000578,盐湖集团,000578,0.0,0.0,0.0,0.0,0,0.0,0.0,0,0.0,0,0.0,0,0.0,0,0.0,0,0.0,0,0.0,0,0.0,0,0.0,0,0.0,0,,2022-03-23 09:00:00,0.0,0.0,0.0,0.0,0.00/0/0,0,0.0,0.0,0.0,D,0.0,0.0,0.0,0.0,0.0,0.0,-1.0,-1.0,0.0,0.0,0.0,0.0,0.0,0.0,0.0,0.0,0.0
000581,威孚高科,000581,19.95,19.71,20.24,7339800.0,3584000,3755800.0,19.95,17400,19.94,15500,19.93,11500,19.92,23100,19.91,9000,19.96,28900,19.97,17800,19.98,10800,19.99,20700,20.0,22300,,2022-03-23 16:14:03,0.24,1.22,20.4,19.93,19.95/73398/147846530,7339800,147850000.0,0.9,7.53,,20.4,19.93,2.38,162.98,201.23,1.06,21.68,17.74,1.37,-240.0,20.14,7.09,7.26,0.012199999999999999,0.009000000000000001,20123000000.0,16297999999.999998
000582,北部湾港,000582,7.5,7.51,7.54,3417100.0,1214000,2203100.0,7.5,22800,7.49,29300,7.48,70200,7.47,43500,7.46,42600,7.51,20800,7.52,30600,7.53,12300,7.54,14600,7.55,3800,,2022-03-23 16:14:03,-0.01,-0.13,7.56,7.42,7.50/34171/25625783,3417100,25630000.0,0.27,11.94,,7.56,7.42,1.86,95.16,122.5,1.09,8.26,6.76,0.52,1263.0,7.5,11.94,11.94,-0.0013,0.0027,12250000000.0,9516000000.0
000583,S*ST托普,000583,0.0,0.0,0.0,0.0,0,0.0,0.0,0,0.0,0,0.0,0,0.0,0,0.0,0,0.0,0,0.0,0,0.0,0,0.0,0,0.0,0,,2022-03-23 09:00:00,0.0,0.0,0.0,0.0,0.00/0/0,0,0.0,0.0,-0.0,D,0.0,0.0,0.0,0.0,0.0,-0.0,-1.0,-1.0,0.0,0.0,0.0,-0.0,-0.0,0.0,0.0,0.0,0.0
000584,哈工智能,000584,6.64,6.85,6.71,34169300.0,11935000,22234200.0,6.64,19800,6.63,27500,6.62,135000,6.61,61200,6.6,76900,6.65,159600,6.66,100600,6.67,52300,6.68,62900,6.69,22600,,2022-03-23 16:14:03,-0.21,-3.07,6.82,6.53,6.64/341693/227813135,34169300,227810000.0,4.58,-94.64,,6.82,6.53,4.23,49.53,50.53,2.19,7.54,6.17,0.6,-776.0,6.67,-43.13,885.66,-0.030699999999999998,0.0458,5053000000.0,4953000000.0
000585,*ST东电,000585,1.26,1.25,1.24,9860400.0,5352200,4508200.0,1.25,116100,1.24,815400,1.23,534800,1.22,445000,1.21,293100,1.26,1034000,1.27,946400,1.28,662000,1.29,830600,1.3,1270600,,2022-03-23 16:14:03,0.01,0.8,1.27,1.23,1.26/98604/12337784,9860400,12340000.0,1.62,-14.52,,1.27,1.23,3.2,7.68,11.0,-6.73,1.31,1.19,0.87,-25392.0,1.25,34.59,17.2,0.008,0.016200000000000003,1100000000.0,768000000.0
000586,汇源通信,000586,8.97,8.15,8.15,9121500.0,2176700,6944700.0,8.97,1519300,8.96,27100,8.95,7600,8.94,6800,8.93,10100,0.0,0,0.0,0,0.0,0,0.0,0,0.0,0,,2022-03-23 16:14:03,0.82,10.06,8.97,8.08,8.97/91215/80907832,9121500,80910000.0,4.72,66.38,,8.97,8.08,10.92,17.35,17.35,5.88,8.97,7.34,3.22,15709.0,8.87,66.38,66.38,0.10060000000000001,0.0472,1735000000.0000002,1735000000.0000002
000587,*ST金洲,000587,1.49,1.53,1.52,14959400.0,5198700,9760700.0,1.48,836800,1.47,1083500,1.46,435900,1.45,848600,0.0,0,1.49,24600,1.5,291700,1.51,280800,1.52,459200,1.53,566100,,2022-03-23 16:14:03,-0.04,-2.61,1.53,1.47,1.49/149594/22374121,14959400,22370000.0,1.23,1.49,,1.53,1.47,3.92,18.07,31.64,-17.89,1.61,1.45,1.74,15824.0,1.5,-4.61,70.19,-0.026099999999999998,0.0123,3164000000.0,1807000000.0
000588,PT粤金曼,000588,0.0,0.0,0.0,0.0,0,0.0,0.0,0,0.0,0,0.0,0,0.0,0,0.0,0,0.0,0,0.0,0,0.0,0,0.0,0,0.0,0,,2022-03-23 09:00:00,0.0,0.0,0.0,0.0,0.00/0/0,0,0.0,0.0,0.0,D,0.0,0.0,0.0,0.0,0.0,0.0,-1.0,-1.0,0.0,0.0,0.0,0.0,0.0,0.0,0.0,0.0,0.0
000589,贵州轮胎,000589,5.44,5.45,5.47,5144600.0,2174300,2970400.0,5.43,1300,5.42,352600,5.41,154200,5.4,115200,5.39,126700,5.44,27600,5.45,184300,5.46,159200,5.47,166900,5.48,98400,,2022-03-23 16:14:03,-0.01,-0.18,5.48,5.41,5.44/51446/28013823,5144600,28010000.0,0.59,14.07,,5.48,5.41,1.28,47.46,52.02,0.88,6.0,4.91,0.61,1136.0,5.45,14.07,14.07,-0.0018,0.0059,5202000000.0,4746000000.0
000590,启迪药业,000590,9.85,9.86,9.95,3104900.0,1595800,1509200.0,9.85,72900,9.84,35500,9.83,6000,9.82,22000,9.81,7800,9.86,10200,9.87,5400,9.88,36400,9.89,66500,9.9,29800,,2022-03-23 16:14:03,-0.01,-0.1,10.01,9.68,9.85/31049/30661442,3104900,30660000.0,1.3,55.55,,10.01,9.68,3.35,23.58,23.59,3.45,10.85,8.87,0.7,-41.0,9.88,45.28,103.81,-0.001,0.013000000000000001,2359000000.0,2358000000.0
000591,太阳能,000591,9.12,9.01,9.13,99561000.0,50781100,48779900.0,9.12,1115700,9.11,215400,9.1,391900,9.09,316000,9.08,686400,9.13,149600,9.14,319500,9.15,584700,9.16,206900,9.17,137400,,2022-03-23 16:14:03,0.11,1.22,9.3,9.08,9.12/995610/913697573,99561000,913700000.0,4.89,23.22,,9.3,9.08,2.44,185.78,274.25,1.84,9.91,8.11,1.0,13273.0,9.18,23.22,23.22,0.012199999999999999,0.0489,27425000000.0,18578000000.0
000592,平潭发展,000592,2.69,2.71,2.7,15574000.0,4894400,10679700.0,2.68,176600,2.67,828400,2.66,385100,2.65,436100,2.64,113200,2.69,200000,2.7,1107500,2.71,676000,2.72,566200,2.73,551000,,2022-03-23 16:14:03,-0.02,-0.74,2.72,2.67,2.69/155740/41887480,15574000,41890000.0,0.81,-25.64,,2.72,2.67,1.85,51.48,51.96,1.71,2.98,2.44,0.54,-11613.0,2.69,71.81,-23.0,-0.0074,0.008100000000000001,5196000000.0,5148000000.0
000593,德龙汇能,000593,5.84,5.9,5.95,4891900.0,1793300,3098600.0,5.84,16800,5.83,56600,5.82,14500,5.81,44600,5.8,66300,5.85,8100,5.86,2600,5.87,14800,5.88,4500,5.89,11400,,2022-03-23 16:14:03,-0.06,-1.02,5.95,5.81,5.84/48919/28693989,4891900,28690000.0,1.36,38.47,,5.95,5.81,2.37,20.93,20.94,2.02,6.49,5.31,0.72,1574.0,5.87,40.0,59.97,-0.0102,0.013600000000000001,2094000000.0000002,2093000000.0
000594,国恒退,000594,0.0,0.0,0.0,0.0,0,0.0,0.0,0,0.0,0,0.0,0,0.0,0,0.0,0,0.0,0,0.0,0,0.0,0,0.0,0,0.0,0,,2022-03-23 09:00:00,0.0,0.0,0.0,0.0,0.00/0/0,0,0.0,0.0,-0.0,D,0.0,0.0,0.0,0.0,0.0,0.0,-1.0,-1.0,0.0,0.0,0.0,-0.0,0.0,0.0,0.0,0.0,0.0
000595,宝塔实业,000595,3.4,3.48,3.38,27572300.0,13632000,13940300.0,3.4,574800,3.39,488400,3.38,273000,3.37,156400,3.36,125700,3.41,177700,3.42,359300,3.43,109900,3.44,80900,3.45,253900,,2022-03-23 16:14:03,-0.08,-2.3,3.5,3.37,3.40/275723/94364385,27572300,94360000.0,2.43,995.4,,3.5,3.37,3.74,38.63,38.71,4.43,3.83,3.13,0.97,6366.0,3.42,-52.21,358.35,-0.023,0.024300000000000002,3871000000.0,3863000000.0000005
000596,古井贡酒,000596,187.82,184.54,184.49,2040900.0,958300,1082600.0,187.7,400,187.66,1000,187.65,3400,187.62,100,187.6,3200,187.82,600,187.85,100,187.9,1400,187.96,100,187.97,600,,2022-03-23 16:14:03,3.28,1.78,188.78,184.49,187.82/20409/381983497,2040900,381980000.0,0.5,43.33,,188.78,184.49,2.32,767.43,992.82,6.01,202.99,166.09,0.73,53.0,187.16,43.33,43.33,0.0178,0.005,99282000000.0,76743000000.0
000597,东北制药,000597,6.61,6.67,6.64,29956000.0,12748000,17208100.0,6.61,245700,6.6,109400,6.59,32500,6.58,40200,6.57,18700,6.62,76500,6.63,49800,6.64,29900,6.65,51200,6.66,120300,,2022-03-23 16:14:03,-0.06,-0.9,6.8,6.5,6.61/299560/198646124,29956000,198650000.0,2.26,241.17,,6.8,6.5,4.5,87.53,89.09,2.17,7.34,6.0,0.5,1188.0,6.63,262.07,726.9,-0.009000000000000001,0.0226,8909000000.0,8753000000.0
000598,兴蓉环境,000598,5.01,5.02,5.05,22353100.0,9449100,12904000.0,5.01,228700,5.0,384000,4.99,327400,4.98,267000,4.97,345700,5.02,61300,5.03,236700,5.04,175800,5.05,140000,5.06,169200,,2022-03-23 16:14:03,-0.01,-0.2,5.1,4.99,5.01/223531/112544434,22353100,112540000.0,0.75,10.01,,5.1,4.99,2.19,149.61,149.61,1.11,5.52,4.52,1.02,7698.0,5.03,10.01,10.01,-0.002,0.0075,14961000000.000002,14961000000.000002
000599,青岛双星,000599,3.84,3.84,3.89,2442500.0,1323400,1119200.0,3.84,105300,3.83,106500,3.82,65100,3.81,83600,3.8,109500,3.85,5500,3.86,28200,3.87,68400,3.88,97100,3.89,130100,,2022-03-23 16:14:03,0.0,0.0,3.89,3.84,3.84/24425/9419364,2442500,9420000.0,0.3,-16.85,,3.89,3.84,1.3,31.36,31.36,0.98,4.22,3.46,0.6,1407.0,3.86,-15.91,-100.64,0.0,0.003,3136000000.0,3136000000.0
000600,建投能源,000600,4.2,4.19,4.23,4719400.0,2221000,2498500.0,4.19,32400,4.18,98000,4.17,251400,4.16,94700,4.15,84800,4.2,235100,4.21,111000,4.22,53300,4.23,122200,4.24,340200,,2022-03-23 16:14:03,0.01,0.24,4.25,4.18,4.20/47194/19901875,4719400,19900000.0,0.43,-11.25,,4.25,4.18,1.67,45.78,75.25,0.68,4.61,3.77,0.64,-3005.0,4.22,-7.63,8.14,0.0024,0.0043,7525000000.0,4578000000.0
000601,韶能股份,000601,4.28,4.34,4.34,4653000.0,1532500,3120500.0,4.27,63100,4.26,130100,4.25,73700,4.24,60800,4.23,523700,4.28,90800,4.29,24900,4.3,42600,4.31,64800,4.32,61000,,2022-03-23 16:14:03,-0.06,-1.38,4.39,4.22,4.28/46530/20021709,4653000,20020000.0,0.43,545.22,,4.39,4.22,3.92,46.22,46.25,0.97,4.77,3.91,0.85,5673.0,4.3,24.57,21.59,-0.0138,0.0043,4625000000.0,4622000000.0
000602,金马集团,000602,0.0,0.0,0.0,0.0,0,0.0,0.0,0,0.0,0,0.0,0,0.0,0,0.0,0,0.0,0,0.0,0,0.0,0,0.0,0,0.0,0,,2022-03-23 09:00:00,0.0,0.0,0.0,0.0,0.00/0/0,0,0.0,0.0,0.0,D,0.0,0.0,0.0,0.0,0.0,0.0,-1.0,-1.0,0.0,0.0,0.0,0.0,0.0,0.0,0.0,0.0,0.0
000603,盛达资源,000603,13.52,13.48,13.32,8133400.0,4535600,3597700.0,13.52,7600,13.51,3600,13.5,8900,13.49,27200,13.48,6600,13.53,18600,13.54,15000,13.55,14800,13.56,50600,13.57,28300,,2022-03-23 16:14:03,0.04,0.3,13.54,13.19,13.52/81334/108513580,8133400,108510000.0,1.38,26.38,,13.54,13.19,2.6,79.61,93.28,3.79,14.83,12.13,0.67,-734.0,13.34,29.23,32.1,0.003,0.0138,9328000000.0,7961000000.0
000605,渤海股份,000605,6.28,6.43,6.47,8191200.0,3481000,4710100.0,6.28,21600,6.27,56000,6.26,50400,6.25,44600,6.24,87000,6.29,11300,6.3,6200,6.31,13100,6.32,13800,6.33,5600,,2022-03-23 16:14:03,-0.15,-2.33,6.59,6.24,6.28/81912/52115240,8191200,52120000.0,2.43,178.85,,6.59,6.24,5.44,21.18,22.15,1.11,7.07,5.79,0.47,2096.0,6.36,99.53,109.68,-0.0233,0.024300000000000002,2215000000.0,2118000000.0
000606,ST顺利,000606,1.61,1.59,1.59,6294500.0,3926800,2367700.0,1.6,137500,1.59,638000,1.58,223300,1.57,152000,1.56,135000,1.61,762100,1.62,1259500,1.63,370800,1.64,575700,1.65,176100,,2022-03-23 16:14:03,0.02,1.26,1.62,1.58,1.61/62945/10073818,6294500,10070000.0,0.89,-0.98,,1.62,1.58,2.52,11.39,12.33,2.89,1.67,1.51,0.77,-18584.0,1.6,56.63,-1.03,0.0126,0.0089,1233000000.0,1139000000.0
000607,华媒控股,000607,5.62,5.6,5.57,50609600.0,26174200,24435400.0,5.62,43400,5.61,192300,5.6,287500,5.59,59200,5.58,40000,5.63,169300,5.64,356100,5.65,97700,5.66,90700,5.67,43300,,2022-03-23 16:14:03,0.02,0.36,5.92,5.54,5.62/506096/289154279,50609600,289150000.0,5.72,-20.6,,5.92,5.54,6.79,49.73,57.19,3.98,6.16,5.04,1.08,-1347.0,5.71,55.17,-16.81,0.0036,0.0572,5719000000.0,4973000000.0
000608,阳光股份,000608,3.83,3.48,3.4,66744900.0,35625400,31119400.0,3.83,16152300,3.82,23500,3.8,1100,3.78,300,3.76,13800,0.0,0,0.0,0,0.0,0,0.0,0,0.0,0,,2022-03-23 16:14:03,0.35,10.06,3.83,3.37,3.83/667449/242543021,66744900,242540000.0,8.9,44.69,,3.83,3.37,13.22,28.72,28.72,0.91,3.83,3.13,2.33,161910.0,3.63,44.69,44.69,0.10060000000000001,0.08900000000000001,2872000000.0,2872000000.0
000609,*ST中迪,000609,4.73,4.6,4.57,2487000.0,1612000,875000.0,4.71,300,4.7,13400,4.69,13300,4.68,34000,4.67,11800,4.73,50100,4.74,25400,4.75,62000,4.76,26000,4.77,11000,,2022-03-23 16:14:03,0.13,2.83,4.74,4.57,4.73/24870/11621385,2487000,11620000.0,0.85,-3.66,,4.74,4.57,3.7,13.82,14.16,1.26,4.83,4.37,1.01,-1017.0,4.67,-9.05,-4.73,0.028300000000000002,0.0085,1416000000.0,1382000000.0
000610,西安旅游,000610,9.28,9.27,9.26,10473300.0,5253700,5219600.0,9.28,69300,9.27,20500,9.26,17900,9.25,27200,9.24,4900,9.29,63900,9.3,10700,9.31,11800,9.32,11500,9.33,19400,,2022-03-23 16:14:03,0.01,0.11,9.37,9.2,9.28/104733/97126674,10473300,97130000.0,4.45,-26.05,,9.37,9.2,1.83,21.85,21.97,2.57,10.2,8.34,0.46,225.0,9.27,-48.85,58.47,0.0011,0.044500000000000005,2197000000.0,2185000000.0
000611,*ST天首,000611,3.6,3.43,3.6,479300.0,0,479300.0,3.6,3014400,3.59,10200,3.58,2500,3.55,15300,3.46,8000,0.0,0,0.0,0,0.0,0,0.0,0,0.0,0,,2022-03-23 16:14:03,0.17,4.96,3.6,3.6,3.60/4793/1725480,479300,1730000.0,0.15,-30.39,,3.6,3.6,0.0,11.5,12.16,3.36,3.6,3.26,0.14,30504.0,3.6,-28.31,-33.74,0.0496,0.0015,1216000000.0,1150000000.0
000612,焦作万方,000612,6.37,6.41,6.36,10324800.0,4494000,5830800.0,6.37,191600,6.36,78100,6.35,104400,6.34,127500,6.33,63700,6.38,34600,6.39,264200,6.4,183300,6.41,87100,6.42,53800,,2022-03-23 16:14:03,-0.04,-0.62,6.42,6.32,6.37/103248/65785461,10324800,65790000.0,0.87,10.47,,6.42,6.32,1.56,75.85,75.94,1.43,7.05,5.77,0.68,-577.0,6.37,10.83,13.37,-0.0062,0.0087,7594000000.0,7584999999.999999
000613,*ST东海A,000613,3.81,3.74,3.75,3907600.0,2409300,1498300.0,3.8,188100,3.79,38300,3.78,32900,3.77,18500,3.76,28300,3.81,111700,3.82,82900,3.83,54300,3.84,73900,3.85,53600,,2022-03-23 16:14:03,0.07,1.87,3.81,3.73,3.81/39076/14729324,3907600,14730000.0,1.46,-24213.54,,3.81,3.73,2.14,10.2,13.87,19.9,3.93,3.55,1.45,-703.0,3.77,372.96,-119.92,0.0187,0.0146,1387000000.0,1019999999.9999999
000615,奥园美谷,000615,8.29,8.33,8.25,18332800.0,8026500,10306300.0,8.28,3000,8.27,183600,8.26,17500,8.25,43900,8.24,26800,8.29,99800,8.3,116900,8.31,37800,8.32,41000,8.33,48800,,2022-03-23 16:14:03,-0.04,-0.48,8.46,8.18,8.29/183328/152020008,18332800,152020000.0,2.37,37.56,,8.46,8.18,3.36,64.05,64.76,3.15,9.16,7.5,0.67,-695.0,8.29,23.02,-48.06,-0.0048,0.023700000000000002,6476000000.000001,6405000000.0
000616,ST海投,000616,1.81,1.81,1.81,11240000.0,5069600,6170400.0,1.81,296200,1.8,138500,1.79,176700,1.78,313300,1.77,72800,1.82,140500,1.83,412200,1.84,475400,1.85,517100,1.86,262800,,2022-03-23 16:14:03,0.0,0.0,1.84,1.78,1.81/112400/20281436,11240000,20280000.0,0.79,6.83,,1.84,1.78,3.31,25.89,25.89,0.54,1.9,1.72,1.05,-8105.0,1.8,30.92,9.16,0.0,0.0079,2589000000.0,2589000000.0
000617,中油资本,000617,5.1,5.14,5.12,17667800.0,5436800,12231100.0,5.1,172500,5.09,105900,5.08,386700,5.07,191600,5.06,566300,5.11,26300,5.12,124000,5.13,255200,5.14,178600,5.15,176600,,2022-03-23 16:14:03,-0.04,-0.78,5.14,5.06,5.10/176678/90042437,17667800,90040000.0,0.14,9.34,,5.14,5.06,1.56,644.75,644.75,0.7,5.65,4.63,0.62,6623.0,5.1,9.27,8.22,-0.0078000000000000005,0.0014000000000000002,64475000000.0,64475000000.0
000618,吉化退市,000618,0.0,0.0,0.0,0.0,0,0.0,0.0,0,0.0,0,0.0,0,0.0,0,0.0,0,0.0,0,0.0,0,0.0,0,0.0,0,0.0,0,,2022-03-23 09:00:00,0.0,0.0,0.0,0.0,0.00/0/0,0,0.0,0.0,0.0,D,0.0,0.0,0.0,0.0,0.0,0.0,-1.0,-1.0,0.0,0.0,0.0,-0.0,0.0,0.0,0.0,0.0,0.0
000619,海螺型材,000619,6.29,6.59,6.33,47779000.0,22035200,25743800.0,6.29,33900,6.28,35000,6.27,217000,6.26,116600,6.25,154400,6.3,156300,6.31,28200,6.32,6400,6.33,78800,6.34,7300,,2022-03-23 16:14:03,-0.3,-4.55,6.77,6.24,6.29/477790/305119589,47779000,305120000.0,13.27,-37.94,,6.77,6.24,8.04,22.64,22.64,0.94,7.25,5.93,2.05,2799.0,6.39,-34.27,69.98,-0.0455,0.13269999999999998,2264000000.0,2264000000.0
000620,新华联,000620,3.49,3.46,3.36,195840700.0,97945200,97895600.0,3.48,753400,3.47,136500,3.46,144900,3.45,247800,3.44,89800,3.49,365300,3.5,731500,3.51,298800,3.52,84700,3.53,109300,,2022-03-23 16:14:03,0.03,0.87,3.65,3.24,3.49/1958407/667735019,195840700,667740000.0,10.33,-2.77,,3.65,3.24,11.85,66.19,66.19,1.38,3.81,3.11,1.38,-2172.0,3.41,-2.78,-5.15,0.0087,0.1033,6619000000.0,6619000000.0
000621,*ST比特,000621,0.0,0.0,0.0,0.0,0,0.0,0.0,0,0.0,0,0.0,0,0.0,0,0.0,0,0.0,0,0.0,0,0.0,0,0.0,0,0.0,0,,2022-03-23 09:00:00,0.0,0.0,0.0,0.0,0.00/0/0,0,0.0,0.0,-0.0,D,0.0,0.0,0.0,0.0,0.0,-0.0,-1.0,-1.0,0.0,0.0,0.0,-0.0,-0.0,0.0,0.0,0.0,0.0
000622,恒立实业,000622,4.5,4.5,4.49,6823800.0,3249800,3574000.0,4.5,38300,4.49,38900,4.48,39200,4.47,93100,4.46,55400,4.51,85000,4.52,79100,4.53,8200,4.54,14900,4.55,80800,,2022-03-23 16:14:03,0.0,0.0,4.58,4.47,4.50/68238/30782249,6823800,30780000.0,1.6,-201.77,,4.58,4.47,2.44,19.14,19.14,9.64,4.95,4.05,0.65,-31.0,4.51,-195.72,648.91,0.0,0.016,1914000000.0,1914000000.0
000623,吉林敖东,000623,15.74,15.7,15.73,7112300.0,3385200,3727100.0,15.74,14800,15.73,55600,15.72,1500,15.71,17800,15.7,54600,15.75,38100,15.76,46400,15.77,34400,15.78,50600,15.79,69000,,2022-03-23 16:14:03,0.04,0.25,15.79,15.6,15.74/71123/111670927,7112300,111670000.0,0.61,9.65,,15.79,15.6,1.21,182.6,183.06,0.76,17.27,14.13,0.59,-942.0,15.7,8.11,10.71,0.0025,0.0060999999999999995,18306000000.0,18260000000.0
000625,长安汽车,000625,11.52,11.51,11.55,54582600.0,26093500,28489100.0,11.52,850400,11.51,1059100,11.5,294700,11.49,132900,11.48,299700,11.53,331400,11.54,204300,11.55,377700,11.56,83200,11.57,86800,,2022-03-23 16:14:03,0.01,0.09,11.63,11.45,11.52/545826/629020093,54582600,629020000.0,0.93,31.06,,11.63,11.45,1.56,673.87,879.22,1.58,12.66,10.36,0.67,15534.0,11.52,22.04,26.45,0.0009,0.009300000000000001,87922000000.0,67387000000.0
000626,远大控股,000626,17.28,17.62,17.88,7839300.0,4345700,3493600.0,17.28,14200,17.27,1700,17.26,2000,17.25,10700,17.24,7400,17.29,400,17.3,7900,17.31,1400,17.32,800,17.33,44600,,2022-03-23 16:14:03,-0.34,-1.93,18.35,17.25,17.28/78393/137889998,7839300,137890000.0,1.54,57.64,,18.35,17.25,6.24,87.87,87.94,3.03,19.38,15.86,0.92,-191.0,17.59,30.89,-77.69,-0.019299999999999998,0.0154,8794000000.0,8787000000.0
000627,天茂集团,000627,3.12,3.13,3.12,11427400.0,5013900,6413500.0,3.11,805600,3.1,468000,3.09,404600,3.08,189600,3.07,85600,3.12,65500,3.13,817900,3.14,877900,3.15,954900,3.16,414100,,2022-03-23 16:14:03,-0.01,-0.32,3.14,3.1,3.12/114274/35640559,11427400,35640000.0,0.25,43.16,,3.14,3.1,1.28,142.04,154.15,0.69,3.44,2.82,0.49,-11769.0,3.12,32.8,26.56,-0.0032,0.0025,15415000000.0,14204000000.0
000628,高新发展,000628,11.41,11.35,11.36,3321300.0,1830600,1490700.0,11.41,1100,11.4,17800,11.39,12300,11.38,3900,11.37,3000,11.42,46700,11.43,15100,11.44,6400,11.45,59400,11.46,30900,,2022-03-23 16:14:03,0.06,0.53,11.53,11.26,11.41/33213/37867330,3321300,37870000.0,1.73,24.58,,11.53,11.26,2.38,21.92,40.2,2.58,12.49,10.22,1.02,-1204.0,11.4,24.58,24.58,0.0053,0.0173,4020000000.0000005,2192000000.0
000629,攀钢钒钛,000629,3.91,3.91,3.91,54423800.0,22560600,31863200.0,3.91,173500,3.9,228800,3.89,329900,3.88,522700,3.87,467900,3.92,334100,3.93,716200,3.94,707500,3.95,787300,3.96,577700,,2022-03-23 16:14:03,0.0,0.0,3.94,3.84,3.91/544238/211255946,54423800,211260000.0,0.63,41.14,,3.94,3.84,2.56,335.85,336.38,3.25,4.3,3.52,0.83,-14000.0,3.88,32.24,149.29,0.0,0.0063,33638000000.0,33585000000.000004
000630,铜陵有色,000630,3.75,3.78,3.74,135167200.0,60768800,74398400.0,3.75,521100,3.74,1103800,3.73,1078500,3.72,791500,3.71,1372800,3.76,2177900,3.77,1997500,3.78,2168400,3.79,1414400,3.8,2077900,,2022-03-23 16:14:03,-0.03,-0.79,3.78,3.7,3.75/1351672/504531143,135167200,504530000.0,1.28,15.29,,3.78,3.7,2.12,394.74,394.75,1.87,4.16,3.4,0.59,-49684.0,3.73,12.09,45.6,-0.0079,0.0128,39475000000.0,39474000000.0
000631,顺发恒业,000631,3.5,3.43,3.43,8901100.0,5591600,3309500.0,3.49,74400,3.48,134600,3.47,28300,3.46,47500,3.45,4000,3.5,2300,3.51,164500,3.52,108300,3.53,276900,3.54,267500,,2022-03-23 16:14:03,0.07,2.04,3.55,3.43,3.50/89011/31051762,8901100,31050000.0,0.37,67.13,,3.55,3.43,3.5,85.14,85.14,1.37,3.77,3.09,2.1,-5307.0,3.49,76.82,34.29,0.0204,0.0037,8514000000.0,8514000000.0
000632,三木集团,000632,4.14,4.14,4.18,14398400.0,6732100,7666300.0,4.13,45000,4.12,44100,4.11,13700,4.1,146200,4.09,14300,4.14,190500,4.15,189400,4.16,30900,4.17,25900,4.18,35400,,2022-03-23 16:14:03,0.0,0.0,4.25,4.05,4.14/143984/59503176,14398400,59500000.0,3.09,42.27,,4.25,4.05,4.83,19.27,19.27,1.36,4.55,3.73,1.07,-2088.0,4.13,58.0,40.88,0.0,0.030899999999999997,1927000000.0,1927000000.0
000633,合金投资,000633,6.48,6.45,6.4,6289800.0,2700600,3589200.0,6.48,59500,6.47,69500,6.46,48600,6.45,69700,6.44,3800,6.49,48400,6.5,52300,6.51,38200,6.52,11200,6.53,17300,,2022-03-23 16:14:03,0.03,0.47,6.59,6.37,6.48/62898/40721743,6289800,40720000.0,1.63,1817.56,,6.59,6.37,3.41,24.95,24.95,14.95,7.1,5.81,0.48,837.0,6.47,938.49,275.45,0.004699999999999999,0.0163,2495000000.0,2495000000.0
000635,英 力 特,000635,9.3,9.06,9.28,10544200.0,5169200,5374900.0,9.3,13500,9.29,29000,9.28,54400,9.27,10300,9.26,39500,9.31,18200,9.32,18100,9.33,15200,9.34,3200,9.35,8400,,2022-03-23 16:14:03,0.24,2.65,9.66,9.14,9.30/105442/98599171,10544200,98600000.0,3.48,14.21,,9.66,9.14,5.74,28.19,28.19,1.0,9.97,8.15,2.87,836.0,9.35,12.78,40.51,0.0265,0.0348,2819000000.0,2819000000.0
000636,风华高科,000636,20.8,20.56,20.66,10232900.0,4878800,5354100.0,20.8,34800,20.79,34800,20.78,39800,20.77,3000,20.76,20900,20.81,3700,20.82,2400,20.83,6300,20.84,27700,20.85,22700,,2022-03-23 16:14:03,0.24,1.17,21.1,20.5,20.80/102329/212683910,10232900,212680000.0,1.14,20.89,,21.1,20.5,2.92,186.21,186.21,2.73,22.62,18.5,0.62,705.0,20.78,15.88,51.91,0.011699999999999999,0.011399999999999999,18621000000.0,18621000000.0
000637,茂化实华,000637,5.28,5.1,5.1,28506200.0,15590700,12915600.0,5.27,20800,5.26,52900,5.25,68600,5.24,69200,5.23,74300,5.28,71100,5.29,128500,5.3,298900,5.31,25000,5.32,39300,,2022-03-23 16:14:03,0.18,3.53,5.5,5.08,5.28/285062/151483446,28506200,151480000.0,7.75,86.01,,5.5,5.08,8.24,19.43,27.45,2.89,5.61,4.59,1.93,-2770.0,5.31,58.42,188.65,0.0353,0.0775,2745000000.0,1943000000.0
000638,*ST万方,000638,5.82,5.8,5.85,2732900.0,861800,1871100.0,5.82,12400,5.81,15500,5.8,32200,5.77,24600,5.76,10000,5.83,61500,5.84,39500,5.85,191800,5.86,210700,5.87,27000,,2022-03-23 16:14:03,0.02,0.34,5.85,5.72,5.82/27329/15829391,2732900,15830000.0,0.88,73198.34,,5.85,5.72,2.24,18.01,18.01,15.73,6.09,5.51,0.63,-4358.0,5.79,279.65,-105.58,0.0034000000000000002,0.0088,1801000000.0000002,1801000000.0000002
000639,西王食品,000639,6.27,5.7,6.13,174748100.0,80770300,93977800.0,6.27,1518900,6.26,149500,6.25,146900,6.24,4100,6.23,151800,0.0,0,0.0,0,0.0,0,0.0,0,0.0,0,,2022-03-23 16:14:03,0.57,10.0,6.27,5.83,6.27/1747481/1076567712,174748100,1076570000.0,16.19,32.19,,6.27,5.83,7.72,67.68,67.68,1.77,6.27,5.13,16.93,19712.0,6.16,27.79,21.63,0.1,0.16190000000000002,6768000000.000001,6768000000.000001
000650,仁和药业,000650,7.69,7.48,7.48,36570900.0,19797500,16773400.0,7.69,106100,7.68,56500,7.67,72700,7.66,86900,7.65,101000,7.7,214100,7.71,150200,7.72,183300,7.73,212200,7.74,82400,,2022-03-23 16:14:03,0.21,2.81,7.78,7.42,7.69/365709/279483698,36570900,279480000.0,2.73,15.08,,7.78,7.42,4.81,103.2,107.66,2.15,8.23,6.73,1.17,-4190.0,7.64,15.39,18.93,0.0281,0.0273,10766000000.0,10320000000.0
000651,格力电器,000651,32.36,32.45,32.5,29932000.0,13839700,16092300.0,32.36,117100,32.35,69400,32.34,25000,32.33,99200,32.32,90100,32.37,3300,32.38,20300,32.39,44400,32.4,140900,32.41,17100,,2022-03-23 16:14:03,-0.09,-0.28,32.59,32.11,32.36/299320/967387977,29932000,967390000.0,0.51,7.93,,32.59,32.11,1.48,1899.71,1913.92,2.11,35.7,29.21,0.58,1748.0,32.32,9.18,8.63,-0.0028000000000000004,0.0051,191392000000.0,189971000000.0
000652,泰达股份,000652,4.1,4.09,4.12,12356900.0,6043800,6313100.0,4.1,165000,4.09,279500,4.08,123900,4.07,338700,4.06,240600,4.11,495800,4.12,433400,4.13,561700,4.14,407600,4.15,483800,,2022-03-23 16:14:03,0.01,0.24,4.13,4.07,4.10/123569/50684468,12356900,50680000.0,0.84,27.22,,4.13,4.07,1.47,60.45,60.5,1.19,4.5,3.68,0.66,-12346.0,4.1,34.45,29.72,0.0024,0.0084,6050000000.0,6045000000.0
000653,ST九州,000653,0.0,0.0,0.0,0.0,0,0.0,0.0,0,0.0,0,0.0,0,0.0,0,0.0,0,0.0,0,0.0,0,0.0,0,0.0,0,0.0,0,,2022-03-23 09:00:00,0.0,0.0,0.0,0.0,0.00/0/0,0,0.0,0.0,-0.0,D,0.0,0.0,0.0,0.0,0.0,-0.0,-1.0,-1.0,0.0,0.0,0.0,-0.0,-0.0,0.0,0.0,0.0,0.0
000655,金岭矿业,000655,7.27,7.32,7.31,5274200.0,2213700,3060500.0,7.27,6500,7.26,13100,7.25,15300,7.24,31000,7.23,15300,7.28,79700,7.29,43600,7.3,22200,7.31,52600,7.32,23600,,2022-03-23 16:14:03,-0.05,-0.68,7.32,7.2,7.27/52742/38273763,5274200,38270000.0,0.89,33.82,,7.32,7.2,1.64,43.28,43.28,1.5,8.05,6.59,0.76,-1405.0,7.26,33.82,33.82,-0.0068000000000000005,0.0089,4328000000.0,4328000000.0
000656,金科股份,000656,4.7,4.58,4.57,252988800.0,119783600,133205200.0,4.7,226000,4.69,188400,4.68,228400,4.67,158400,4.66,338200,4.71,585700,4.72,281400,4.73,398900,4.74,321100,4.75,674000,,2022-03-23 16:14:03,0.12,2.62,4.88,4.49,4.70/2529888/1177639300,252988800,1177640000.0,4.76,3.52,,4.88,4.49,8.52,249.66,250.97,0.7,5.04,4.12,1.57,-11217.0,4.65,4.16,3.57,0.0262,0.047599999999999996,25097000000.0,24966000000.0
000657,中钨高新,000657,11.84,11.71,11.75,9715700.0,4880500,4835200.0,11.84,24300,11.83,60300,11.82,81600,11.81,8600,11.8,26500,11.85,20600,11.86,15200,11.87,12800,11.88,31600,11.89,5400,,2022-03-23 16:14:03,0.13,1.11,11.95,11.63,11.84/97157/114751885,9715700,114750000.0,1.03,24.08,,11.95,11.63,2.73,112.21,127.15,2.59,12.88,10.54,0.78,1157.0,11.81,24.08,24.08,0.0111,0.0103,12715000000.0,11221000000.0
000658,ST海洋,000658,0.0,0.0,0.0,0.0,0,0.0,0.0,0,0.0,0,0.0,0,0.0,0,0.0,0,0.0,0,0.0,0,0.0,0,0.0,0,0.0,0,,2022-03-23 09:00:00,0.0,0.0,0.0,0.0,0.00/0/0,0,0.0,0.0,-0.0,D,0.0,0.0,0.0,0.0,0.0,-0.0,-1.0,-1.0,0.0,0.0,0.0,-0.0,-0.0,0.0,0.0,0.0,0.0
000659,珠海中富,000659,3.72,3.78,3.77,17523000.0,5966100,11556900.0,3.71,50300,3.7,201300,3.69,337000,3.68,531600,3.67,146300,3.72,54300,3.73,53600,3.74,124800,3.75,53800,3.76,63800,,2022-03-23 16:14:03,-0.06,-1.59,3.8,3.68,3.72/175230/65259777,17523000,65260000.0,1.36,-90.21,,3.8,3.68,3.17,47.83,47.83,7.15,4.16,3.4,0.76,9162.0,3.72,32.71,-26.69,-0.0159,0.013600000000000001,4783000000.0,4783000000.0
000660,*ST南华,000660,0.0,0.0,0.0,0.0,0,0.0,0.0,0,0.0,0,0.0,0,0.0,0,0.0,0,0.0,0,0.0,0,0.0,0,0.0,0,0.0,0,,2022-03-23 09:00:00,0.0,0.0,0.0,0.0,0.00/0/0,0,0.0,0.0,-0.0,D,0.0,0.0,0.0,0.0,0.0,-0.0,-1.0,-1.0,0.0,0.0,0.0,-0.0,-0.0,0.0,0.0,0.0,0.0
000661,长春高新,000661,173.3,173.24,174.1,7776500.0,4032800,3743600.0,173.29,4200,173.28,4200,173.27,2200,173.26,300,173.25,3400,173.3,13000,173.31,1500,173.32,200,173.33,2200,173.35,1400,,2022-03-23 16:14:03,0.06,0.03,176.83,170.05,173.30/77765/1348408598,7776500,1348410000.0,2.04,18.67,,176.83,170.05,3.91,659.82,701.38,4.81,190.56,155.92,0.71,-40.0,173.4,18.67,18.67,0.0003,0.0204,70138000000.0,65982000000.00001
000662,天夏退,000662,0.25,0.25,0.0,0.0,0,0.0,0.0,0,0.0,0,0.0,0,0.0,0,0.0,0,0.0,0,0.0,0,0.0,0,0.0,0,0.0,0,,2022-03-23 09:00:00,0.0,0.0,0.0,0.0,0.25/0/0,0,0.0,0.0,-0.05,D,0.0,0.0,0.0,2.73,2.73,0.42,-1.0,-1.0,0.0,0.0,0.25,-9.81,-0.05,0.0,0.0,273000000.0,273000000.0
000663,永安林业,000663,7.25,7.17,7.11,3338200.0,1852200,1486000.0,7.24,40100,7.23,40700,7.22,13000,7.21,2800,7.2,3800,7.25,78700,7.26,21900,7.27,59800,7.28,1700,7.29,18800,,2022-03-23 16:14:03,0.08,1.12,7.27,7.11,7.25/33382/24028534,3338200,24030000.0,1.09,12.58,,7.27,7.11,2.23,22.21,24.41,3.55,7.89,6.45,1.24,-805.0,7.2,19.9,67.09,0.011200000000000002,0.0109,2441000000.0,2221000000.0
000665,湖北广电,000665,7.67,7.22,7.39,223532200.0,120656400,102875800.0,7.66,1146200,7.65,292700,7.64,28400,7.63,49600,7.62,24800,7.67,432300,7.68,459800,7.69,479200,7.7,831000,7.71,194900,,2022-03-23 16:14:03,0.45,6.23,7.89,7.23,7.67/2235322/1700303333,223532200,1700300000.0,22.04,-9.57,,7.89,7.23,9.14,77.8,77.8,1.33,7.94,6.5,2.6,-8555.0,7.61,-29.67,-11.27,0.0623,0.22039999999999998,7780000000.0,7780000000.0
000666,经纬纺机,000666,9.27,9.48,9.31,14597600.0,5074300,9523300.0,9.27,12100,9.26,38900,9.25,91300,9.24,67000,9.23,38400,9.28,7100,9.29,13100,9.3,8000,9.31,13200,9.32,6900,,2022-03-23 16:14:03,-0.21,-2.22,9.52,9.24,9.27/145976/136152001,14597600,136150000.0,4.97,11.57,,9.52,9.24,2.95,27.21,65.27,0.69,10.43,8.53,0.81,1994.0,9.33,12.4,15.9,-0.0222,0.049699999999999994,6527000000.0,2721000000.0
000667,美好置业,000667,2.07,1.88,1.85,452004400.0,192697400,259307000.0,2.07,29644800,2.06,229200,2.05,315800,2.04,215100,2.03,608900,0.0,0,0.0,0,0.0,0,0.0,0,0.0,0,,2022-03-23 16:14:03,0.19,10.11,2.07,1.83,2.07/4520044/896504816,452004400,896500000.0,18.53,-15.18,,2.07,1.83,12.77,50.49,51.07,0.77,2.07,1.69,2.54,310138.0,1.98,-6.67,53.93,0.1011,0.18530000000000002,5107000000.0,5049000000.0
000668,荣丰控股,000668,14.22,13.99,13.84,1371700.0,877500,494300.0,14.22,1600,14.21,4700,14.2,1100,14.18,13700,14.16,5900,14.25,3900,14.26,500,14.27,4900,14.28,3100,14.29,14000,,2022-03-23 16:14:03,0.23,1.64,14.34,13.84,14.22/13717/19384217,1371700,19380000.0,0.94,-43.76,,14.34,13.84,3.57,20.86,20.88,2.32,15.39,12.59,1.23,6.0,14.13,-34.54,-90.09,0.016399999999999998,0.009399999999999999,2088000000.0,2086000000.0
000669,ST金鸿,000669,2.33,2.29,2.31,16783800.0,11065200,5718700.0,2.32,757900,2.31,137400,2.3,136500,2.29,466100,2.28,251200,2.33,453300,2.34,304700,2.35,428700,2.36,287400,2.37,136700,,2022-03-23 16:14:03,0.04,1.75,2.35,2.29,2.33/167838/38807235,16783800,38810000.0,2.47,-6.2,,2.35,2.29,2.62,15.85,15.85,1.26,2.4,2.18,1.45,1383.0,2.31,-59.28,95.97,0.0175,0.024700000000000003,1585000000.0,1585000000.0
000670,*ST盈方,000670,2.25,2.25,0.0,0.0,0,0.0,0.0,0,0.0,0,0.0,0,0.0,0,0.0,0,0.0,0,0.0,0,0.0,0,0.0,0,0.0,0,,2022-03-23 09:00:00,0.0,0.0,0.0,0.0,2.25/0/0,0,0.0,0.0,567.5,Z,0.0,0.0,0.0,13.54,18.37,56.11,-1.0,-1.0,0.0,0.0,2.25,567.5,567.5,0.0,0.0,1837000000.0,1354000000.0
000671,阳 光 城,000671,3.48,3.16,3.48,458162500.0,136674800,321487700.0,3.48,58824300,3.47,1050500,3.46,491600,3.45,701100,3.44,420300,0.0,0,0.0,0,0.0,0,0.0,0,0.0,0,,2022-03-23 16:14:03,0.32,10.13,3.48,3.33,3.48/4581625/1586589331,458162500,1586590000.0,11.31,2.67,,3.48,3.33,4.75,141.01,144.09,0.51,3.48,2.84,1.48,614878.0,3.46,3.71,2.76,0.1013,0.1131,14409000000.0,14101000000.0
000672,上峰水泥,000672,20.29,20.16,20.3,8213200.0,4158400,4054800.0,20.29,9200,20.28,13000,20.27,7700,20.26,49500,20.25,24900,20.3,24100,20.31,61000,20.32,19400,20.33,14800,20.34,29900,,2022-03-23 16:14:03,0.13,0.64,20.35,19.88,20.29/82132/165418189,8213200,165420000.0,1.01,7.86,,20.35,19.88,2.33,165.08,165.08,2.15,22.18,18.14,0.57,-449.0,20.14,7.79,8.15,0.0064,0.0101,16508000000.000002,16508000000.000002
000673,*ST当代,000673,1.96,1.97,1.94,5379300.0,1541200,3838200.0,1.95,424200,1.94,760300,1.93,287300,1.92,315400,1.91,187400,1.96,113500,1.97,110400,1.98,127200,1.99,226400,2.0,443200,,2022-03-23 16:14:03,-0.01,-0.51,1.98,1.94,1.96/53793/10512441,5379300,10510000.0,0.68,28.01,,1.98,1.94,2.03,15.47,15.48,-7.36,2.07,1.87,0.91,9539.0,1.95,-20.39,62.69,-0.0051,0.0068000000000000005,1548000000.0,1547000000.0
000675,ST银山,000675,0.0,0.0,0.0,0.0,0,0.0,0.0,0,0.0,0,0.0,0,0.0,0,0.0,0,0.0,0,0.0,0,0.0,0,0.0,0,0.0,0,,2022-03-23 09:00:00,0.0,0.0,0.0,0.0,0.00/0/0,0,0.0,0.0,-0.0,D,0.0,0.0,0.0,0.0,0.0,-0.0,-1.0,-1.0,0.0,0.0,0.0,-0.0,-0.0,0.0,0.0,0.0,0.0
000676,智度股份,000676,7.0,7.1,7.04,21178400.0,8403700,12774700.0,6.99,322500,6.98,378700,6.97,157800,6.96,81000,6.95,140000,7.0,167700,7.01,80500,7.02,63900,7.03,92500,7.04,42700,,2022-03-23 16:14:03,-0.1,-1.41,7.11,6.98,7.00/211784/148836672,21178400,148840000.0,1.84,-3.46,,7.11,6.98,1.83,80.43,89.36,2.28,7.81,6.39,0.76,6327.0,7.03,29.55,-3.06,-0.0141,0.0184,8936000000.0,8043000000.000001
000677,恒天海龙,000677,3.38,3.4,3.41,11614200.0,4324000,7290200.0,3.37,155300,3.36,285800,3.35,216900,3.34,57200,3.33,119300,3.38,88400,3.39,186800,3.4,148400,3.41,207100,3.42,193200,,2022-03-23 16:14:03,-0.02,-0.59,3.43,3.36,3.38/116142/39334088,11614200,39330000.0,1.34,49.18,,3.43,3.36,2.06,29.2,29.2,8.48,3.74,3.06,0.75,106.0,3.39,38.39,446.51,-0.0059,0.0134,2920000000.0,2920000000.0
000678,襄阳轴承,000678,5.3,5.29,5.25,12307500.0,7195000,5112500.0,5.29,14600,5.28,56900,5.27,293700,5.26,157600,5.25,180400,5.3,82100,5.31,201400,5.32,116800,5.33,131000,5.34,92400,,2022-03-23 16:14:03,0.01,0.19,5.33,5.19,5.30/123075/64561578,12307500,64560000.0,2.68,-54.67,,5.33,5.19,2.65,24.36,24.36,2.25,5.82,4.76,0.96,795.0,5.25,-283.65,-26.68,0.0019,0.0268,2436000000.0,2436000000.0
000679,大连友谊,000679,4.23,4.28,4.32,2519800.0,1166100,1353700.0,4.23,29000,4.22,46900,4.21,39100,4.2,72100,4.19,8400,4.24,28700,4.25,43200,4.26,10600,4.27,23900,4.28,26000,,2022-03-23 16:14:03,-0.05,-1.17,4.32,4.21,4.23/25198/10696052,2519800,10700000.0,0.71,-36.68,,4.32,4.21,2.57,15.08,15.08,2.53,4.71,3.85,0.65,631.0,4.24,-28.99,58.52,-0.011699999999999999,0.0070999999999999995,1508000000.0,1508000000.0
000680,山推股份,000680,3.95,3.97,3.97,12384600.0,4701500,7683100.0,3.95,11800,3.94,844700,3.93,244200,3.92,436100,3.91,181200,3.96,248300,3.97,96600,3.98,215500,3.99,250500,4.0,211900,,2022-03-23 16:14:03,-0.02,-0.5,4.01,3.92,3.95/123846/49022151,12384600,49020000.0,1.17,28.32,,4.01,3.92,2.27,41.75,59.32,1.35,4.37,3.57,0.68,6952.0,3.96,28.32,28.32,-0.005,0.011699999999999999,5932000000.0,4175000000.0
000681,视觉中国,000681,15.46,15.76,15.79,38831100.0,17813400,21017800.0,15.46,82800,15.45,107700,15.44,88500,15.43,98500,15.42,44500,15.49,2200,15.5,2600,15.51,1900,15.52,5000,15.53,200,,2022-03-23 16:14:03,-0.3,-1.9,16.33,15.38,15.46/388311/615586804,38831100,615590000.0,6.42,63.61,,16.33,15.38,6.03,93.47,108.31,3.29,17.34,14.18,1.13,4101.0,15.85,53.85,76.53,-0.019,0.0642,10831000000.0,9347000000.0
